@article{Josephson1962,
title = {Possible new effects in superconductive tunnelling},
journal = {Physics Letters},
volume = {1},
number = {7},
pages = {251-253},
year = {1962},
issn = {0031-9163},
doi = {https://doi.org/10.1016/0031-9163(62)91369-0},
url = {https://www.sciencedirect.com/science/article/pii/0031916362913690},
author = {B.D. Josephson}
}

@article{rubiola2010cross,
	title={The cross-spectrum experimental method},
	author={Rubiola, Enrico and Vernotte, Fran{\c{c}}ois},
	journal={arXiv preprint arXiv:1003.0113},
	year={2010}
}

@article{Ambegaokar1963,
	title = {{Tunneling Between Superconductors}},
	author = {Ambegaokar, V. and Baratoff, A.},
	journal = {Phys. Rev. Lett.},
	volume = {10},
	issue = {11},
	pages = {486--489},
	year = {1963},
	month = {Jun},
	doi = {10.1103/PhysRevLett.10.486},
	url = {http://link.aps.org/doi/10.1103/PhysRevLett.10.486},
	publisher = {American Physical Society}
}

@article{knuutila1988design,
	title={Design, optimization, and construction of a dc SQUID with complete flux transformer circuits},
	author={Knuutila, Jukka and Kajola, Matti and Sepp{\"a}, Heikki and Mutikainen, Risto and Salmi, Jorma},
	journal={Journal of low temperature physics},
	volume={71},
	pages={369--392},
	year={1988},
	publisher={Springer}
}


@article{steinbach1996observation,
	title={Observation of hot-electron shot noise in a metallic resistor},
	author={Steinbach, Andrew H and Martinis, John M and Devoret, Michel H},
	journal={Physical review letters},
	volume={76},
	number={20},
	pages={3806},
	year={1996},
	publisher={APS}
}

@article{nagaev1995influence,
	title={Influence of electron-electron scattering on shot noise in diffusive contacts},
	author={Nagaev, KE},
	journal={Physical Review B},
	volume={52},
	number={7},
	pages={4740},
	year={1995},
	publisher={APS}
}

@article{sommerfeld1927elektronentheorie,
	title={Zur elektronentheorie der metalle},
	author={Sommerfeld, Arnold},
	journal={Naturwissenschaften},
	volume={15},
	number={41},
	pages={825--832},
	year={1927},
	publisher={Springer}
}

@article{kumar1993experimental,
	title={Experimental determinations of the Lorenz number},
	author={Kumar, GS and Prasad, G and Pohl, RO},
	journal={Journal of materials science},
	volume={28},
	pages={4261--4272},
	year={1993},
	publisher={Springer}
}

@article{Josephson1964,
  title = {Coupled Superconductors},
  author = {B.D. Josephson},
  journal = {Rev. Mod. Phys.},
  volume = {36},
  issue = {1},
  pages = {216--220},
  numpages = {0},
  year = {1964},
  month = {Jan},
  publisher = {American Physical Society},
  doi = {10.1103/RevModPhys.36.216},
  url = {https://link.aps.org/doi/10.1103/RevModPhys.36.216}
}

@book{Enss2005b,
	Author = {C. Enss and S. Hunklinger},
	Date-Added = {2009-11-18 17:14:47 +0100},
	Date-Modified = {2009-11-18 17:16:55 +0100},
	Publisher = {Spring\-er-Ver\-lag Ber\-lin Hei\-del\-berg New York},
	Title = {{Low-temperature physics}},
	Year = {2005}}

@inbook{Fleischmann2005,
	Author = {A. Fleischmann and C. Enss and G. M. Seidel},
	Chapter = {{Metallic Magnetic Calorimeters}},
	Date-Added = {2009-09-23 14:04:50 +0200},
	Date-Modified = {2009-09-23 17:04:18 +0200},
	Pages = {151--216},
	Publisher = {Springer-Verlag Berlin Heidelberg},
	Series = {Topics in applied physics},
	Title = {{Cryogenic Particle Detection}},
	Volume = {99},
	Year = {2005}}

@book{Clarke2004,
	Date-Added = {2009-08-28 13:48:12 +0200},
	Date-Modified = {2009-08-28 13:51:22 +0200},
	Editor = {Clarke, J. and Braginski, A. I.},
	Publisher = {Wiley-VCH},
	Title = {{The SQUID Handbook: Vol. I Fundamentals and Technology of SQUIDs and SQUID Systems}},
	Year = {2004}}


@article{Johnson1928,
	Author = {Johnson, J. B.},
	Doi = {10.1103/PhysRev.32.97},
	Journal = {Phys. Rev.},
	Month = {Jul},
	Number = {1},
	Numpages = {13},
	Pages = {97--109},
	Publisher = {American Physical Society},
	Title = {{Thermal Agitation of Electricity in Conductors}},
	Volume = {32},
	Year = {1928},
	Bdsk-Url-1 = {http://dx.doi.org/10.1103/PhysRev.32.97},
	Bdsk-Url-2 = {http://dx.doi.org/10.1103/PhysRev.32.97}}

@article{Nyquist1928,
	Author = {Nyquist, H.},
	Doi = {10.1103/PhysRev.32.110},
	Journal = {Phys. Rev.},
	Month = {Jul},
	Number = {1},
	Numpages = {4},
	Pages = {110--113},
	Publisher = {American Physical Society},
	Title = {{Thermal Agitation of Electric Charge in Conductors}},
	Volume = {32},
	Year = {1928},
	Bdsk-Url-1 = {http://dx.doi.org/10.1103/PhysRev.32.110},
	Bdsk-Url-2 = {http://dx.doi.org/10.1103/PhysRev.32.110}}

@article{Bardeen1957,
	Author = {Bardeen, J. and Cooper, L. N. and Schrieffer, J. R.},
	Date-Added = {2009-07-28 13:38:11 +0200},
	Date-Modified = {2009-07-28 13:38:56 +0200},
	Journal = {Phys. Rev.},
	Month = {Dec},
	Number = {5},
	Pages = {1175--1204},
	Title = {{Theory of Superconductivity}},
	publisher = {American Physical Society},
	Volume = {108},
	Year = {1957},
	doi = {10.1103/PhysRev.108.1175},
	url = {http://link.aps.org/doi/10.1103/PhysRev.108.1175}}

@article{Ginzburg1950,
	Author = {V. L. Ginzburg and L. Landau},
	Date-Added = {2009-07-28 13:32:36 +0200},
	Date-Modified = {2009-07-28 13:36:11 +0200},
	Journal = {Zh. {\`E}ksper. Teoret. Fiz.},
	Pages = {1064--1082},
	Title = {{On the theory of superconductivity}},
	Volume = {20},
	Year = {1950}}

@article{Froehlich1950,
	Author = {Fr{\"o}hlich, H.},
	Date-Added = {2009-07-28 13:26:58 +0200},
	Date-Modified = {2009-09-07 12:06:46 +0200},
	Journal = {Physical Review},
	Month = {Sep},
	Number = {5},
	Pages = {845--856},
	Title = {{Theory of the Superconducting State. I. The Ground State at the Absolute Zero of Temperature}},
	Volume = {79},
	Year = {1950}}

@book{Poole1995,
	Author = {Poole, Jr., Charles P. and Farach, Horacia A. and Creswick, Richard J.},
	Date-Added = {2009-07-28 11:27:56 +0200},
	Date-Modified = {2009-09-07 12:15:14 +0200},
	Publisher = {Academic Press San Diego New York},
	Title = {{Superconductivity}},
	Year = {1995}}

@book{Ashcroft1976,
	author={Ashcroft, Neil W. and Mermin, N. David},
	title={Solid state physics},
	edition={International ed.},
	address={Orlando, Fla. ; Fort Worth [u.a.]},
	publisher={Saunders College ; Harcourt Brace College Publ.},
	year={1976},
}

@article{Meissner1933,
	Author = {W. Meissner and R. Ochsenfeld},
	Date-Added = {2009-07-28 11:25:23 +0200},
	Date-Modified = {2009-07-28 13:36:01 +0200},
	Journal = {Naturwissenschaften},
	Month = {Nov},
	Number = {44},
	Pages = {787--788},
	Title = {{Ein neuer Effekt bei Eintritt der Supraleitf\"ahigkeit}},
	Volume = {21},
	Year = {1933}}

@article{VortexExpulsion,
	volume = {75},
	journal = {Phys. Rev. B},
	numpages = {5},
	month = {Jun},
	title = {Critical fields for vortex expulsion from narrow superconducting strips},
	author = {S\'anchez-Lotero, P. and Palacios, J. J.},
	year = {2007},
	url = {http://link.aps.org/doi/10.1103/PhysRevB.75.214505},
	doi = {10.1103/PhysRevB.75.214505},
	issue = {21},
	publisher = {American Physical Society},
	pages = {214505}
}

@article {Fluxpenetration,
	author = {Huebener, R. P. and Kampwirth, R. T. and Clem, John R.},
	title = {Meissner shielding currents and magnetic flux penetration in thin-film superconductors},
	journal = {Journal of Low Temperature Physics},
	publisher = {Springer Netherlands},
	issn = {0022-2291},
	keyword = {Physik und Astronomie},
	pages = {275-285},
	volume = {6},
	issue = {3},
	url = {http://dx.doi.org/10.1007/BF00628313},
	note = {10.1007/BF00628313},
	year = {1972}
}

@article{London1935b,
	title = "Supraleitung und diamagnetismus",
	journal = "Physica",
	volume = "2",
	number = "1-12",
	pages = "341 - 354",
	year = "1935",
	note = "",
	issn = "0031-8914",
	doi = "10.1016/S0031-8914(35)90097-0",
	url = "http://www.sciencedirect.com/science/article/pii/S0031891435900970",
	author = "F. London and H. London"
}

@book{Hunklinger2009,
	author={Hunklinger, Siegfried},
	title={{Festk{\"o}rperphysik}},
	edition={2., verb. Aufl.},
	address={M{\"u}nchen},
	publisher={{Oldenbourg-Verl.}},
	year={2009},
}

@article{Pippard1953,
	author = {Pippard, A. B.}, 
	title = {{An Experimental and Theoretical Study of the Relation between Magnetic Field and Current in a Superconductor}}, 
	volume = {216}, 
	number = {1127}, 
	pages = {547-568}, 
	year = {1953}, 
	URL = {http://rspa.royalsocietypublishing.org/content/216/1127/547.abstract}, 
	eprint = {http://rspa.royalsocietypublishing.org/content/216/1127/547.full.pdf+html}, 
	journal = {Proceedings of the Royal Society of London. Series A. Mathematical and Physical Sciences} 
}


@book{deGennes1964,
  title={Superconductivity of metals and alloys},
  author={De Gennes, Pierre-Gilles},
  year={2018},
  publisher={CRC press}
}


@article {Stewart1968,
	author = {Stewart, W. C.},
	affiliation = {RCA Laboratories, Princeton, New Jersey},
	title = {{Current-Voltage Characteristics of Josephson Junctions}},
	journal = {Appl. Phys. Lett.},
	keyword = {Characteristics},
	pages = {277-280},
	volume = {12},
	number = {8}, 
	issue = {8},
	year = {1968}
}

@article{McCumber1968,
	author = {McCumber, D. E.}, 
	title = {{Effect of ac Impedance on dc Voltage-Current Characteristics of Superconductor Weak-Link Junctions}}, 
	affiliation = {Bell Telephone Laboratories, Incorporated, Murray Hill, New Jersey},
	volume = {39}, 
	number = {7}, 
	pages = {3113-3118}, 
	year = {1968}, 
	journal = {J. Appl. Phys.} 
}

@book{Likharev1986,
	Date-Added = {2012-06-30 16:33:59 +0200},
	Date-Modified = {2012-06-30 16:33:59 +0200},
	author={Likharev, K. K.},
	Publisher = {Gordon and Breach, New York},
	Title = {{Dynamics of Josephson Junctions and Circuits}},
	Year = {1986}}

@article{Cooper1956,
	title = {{Bound Electron Pairs in a Degenerate Fermi Gas}},
	author = {Cooper, L. N.},
	journal = {Phys. Rev.},
	volume = {104},
	issue = {4},
	pages = {1189-1190},
	year = {1956},
	month = {Nov},
	doi = {10.1103/PhysRev.104.1189},
	url = {http://link.aps.org/doi/10.1103/PhysRev.104.1189},
	publisher = {American Physical Society}
}


@article{Bol1985,
	title = {{Thermal Activation in the Quantum Regime and Macroscopic Quantum Tunneling in the Thermal Regime in a Metastable System Consisting of a Superconducting Ring Interrupted by a Weak Junction}},
	author = {Bol, D.W. and Scheffer, J. J. F. and Giele, W. T. and de Bruyn Ouboter, R.},
	journal = {Physica B: Physics of Condensed Matter},
	volume = {154},
	issue = {1},
	pages = {56-65},
	year = {1985},
	month = {Jul},
}


@phdthesis{Kempf2012,
	Author = {Kempf, S.},
	School = {Kirchhoff-Institut f"ur Physik, Universit"at Heidelberg},
	Title = {{Entwicklung eines Mikrowellen-SQUID-Multiplexers auf der Grundlage nicht-hysteretischer rf-SQUIDs zur Auslesung metallischer magnetischer Kalorimeter}},
	Year = {2012}}

@article{Yamamori1994,
	title = {{Study on  the Transition Width at Gap Voltage caused by the Proximity Effect in Nb-based Josephson Junctions}},
	author = {Yamamori, H. and Miura, T. and Fujimaki, A. and Takai, Y. and Hayakawa, H. },
	journal = {Supercond. Sci. Technol.},
	volume = {7},
	issue = {5},
	pages = {284--286},
	year = {1994},
}

@article{Schrieffer1963,
	title = {{Two-Particle Tunneling Processes between Superconductors}},
	author = {Schrieffer, J. R. and Wilkins, J. W.  },
	journal = {Phys. Rev. Lett.},
	volume = {10},
	issue = {1},
	pages = {17--20},
	year = {1963},
}

@article{McMillan1968,
	title = {{Tunneling Model of the Superconducting Proximity Effect}},
	author = {McMillan, W. L.},
	journal = {Phys. Rev.},
	volume = {175},
	issue = {2},
	pages = {537--542},
	year = {1968},
	month = {Nov},
	doi = {10.1103/PhysRev.175.537},
	url = {http://link.aps.org/doi/10.1103/PhysRev.175.537},
	publisher = {American Physical Society}
}

@article{Kempf2015,
	author = {Kempf, S. and Ferring, A. and Fleischmann, A. and Enss, C.},
	title={{Direct-current superconducting quantum interference devices for the readout of metallic magnetic calorimeters}},
	journal={Supercond. Sci. Tech.},
	volume={28},
	number={4},
	pages={045008},
	url={http://stacks.iop.org/0953-2048/28/i=4/a=045008},
	year={2015},
}

@article{Tesche1977,
	title = {{dc SQUID: Noise and Optimization}},
	author = {Tesche, C. and Clarke, J.},
	journal = {J. Low Temp. Phys.},
	volume = {29},
	issue = {3--4},
	pages = {301--331},
	year = {1977},
}

@article{Bruines1982,
	title = {{Comment on: “DC SQUID: Noise and optimization” by Tesche and Clarke}},
	author = {Bruines, J. J. P. and de Waal, V. J. and Mooij, J. E.},
	journal = {J. Low Temp. Phys.},
	volume = {46},
	issue = {3--4},
	pages = {383--386},
	year = {1982},
}

@book{Feynman1964,
	Author = {R. P. Feynman and R. B. Leighton and M. Sands},
	Publisher = {Addison–Wesley},
	Title = {{The Feynman Lectures on Physics}},
	Year = {1964}}


@article{Foglietti1989,
	year={1989},
	journal={Appl. Phys. Lett.},
	volume={55},
	title={{Performance of dc SQUIDs with resistively shunted inductance}},
	author={Foglietti, V. and Gallagher, W. J. and Ketchen, M. B. and Kleinsasser, A. W. and Koch, R. H. and Sandstrom, R. L.},
	pages={1451--1453},
	language={English}
}

@incollection{Drung1996a,
	Author = {Drung, D.},
	Publisher = {NATO ASI Series E329. Dordrecht: Kluwer},
	Title = {{Advanced SQUID read-out electronics}},
	Editor={Weinstock, H.},
	Booktitle={{SQUID sensors: Fundamentals, Fabrication and Application}},
	Year = {1996}}

@article{Uehara1993,
	author={Uehara, G. and Matsuda, N. and Kazami, K. and Takada, Y. and Kado, H.},
	title={{Asymmetric Bias Injection Technique for Drung-Type Superconducting Quantum Interference Devices}},
	journal={Jpn. J. Appl. Phys.},
	volume={32},
	number={12A},
	pages={L1735},
	url={http://stacks.iop.org/1347-4065/32/i=12A/a=L1735},
	year={1993},
}

@article{Wellstood1994,
	title = {{Hot-electron effects in metals}},
	author = {Wellstood, F. C. and Urbina, C. and Clarke, John},
	journal = {Phys. Rev. B},
	volume = {49},
	issue = {9},
	pages = {5942--5955},
	numpages = {0},
	year = {1994},
	month = {Mar},
	publisher = {American Physical Society},
	doi = {10.1103/PhysRevB.49.5942},
	url = {http://link.aps.org/doi/10.1103/PhysRevB.49.5942}
}

@article{Drung2006,
	author={D. Drung and C. Hinnrichs and H.-J. Barthelmess},
	title={{Low-noise ultra-high-speed dc SQUID readout electronics}},
	journal={Supercond. Sci. Tech.},
	volume={19},
	number={5},
	pages={S235},
	url={http://stacks.iop.org/0953-2048/19/i=5/a=S15},
	year={2006},
}

@article{EnpukuI1991,
	author = "Enpuku, K. and Yoshida, K.",
	title = "{{Modeling the dc superconducting quantum interference device coupled to the multiturn input coil}}",
	journal = "J. Appl. Phys.",
	year = "1991",
	volume = "69",
	number = "10", 
	pages = "7295-7300",
}


@article{EnpukuII1992,
	author = "Enpuku, K. and Cantor, R. and Koch, H.",
	title = "{{Modeling the direct current superconducting quantum interference device coupled to the multiturn input coil. II}}",
	journal = "J. Appl. Phys.",
	year = "1992",
	volume = "71",
	number = "5", 
	pages = "2338-2346",
}

@article{EnpukuIII1992,
	author = "Enpuku, K. and Cantor, R. and Koch, H.",
	title = "{{Modeling the dc superconducting quantum interference device coupled to the multiturn input coil. III}}",
	journal = "J. Appl. Phys.",
	year = "1992",
	volume = "72",
	number = "3", 
	pages = "1000-1006",
}

@article{Huber2001,
	title = "{{Resonance damping in tightly coupled d.c. \{SQUIDs\} via intra-coil resistors}}",
	journal = "Physica C: Superconductivity ",
	volume = "351",
	number = "2",
	pages = "85 - 90",
	year = "2001",
	note = "",
	issn = "0921-4534",
	doi = "http://dx.doi.org/10.1016/S0921-4534(00)01627-0",
	url = "http://www.sciencedirect.com/science/article/pii/S0921453400016270",
	author = "M. E. Huber and A. H. Steinbach and R. H. Ono",
}

@article{Wellstood1987,
	author = "Wellstood, F. C. and Urbina, C. and Clarke, J.",
	title = "{{Lowfrequency noise in dc superconducting quantum interference devices below 1 K}}",
	journal = "Appl. Phys. Lett.",
	year = "1987",
	volume = "50",
	number = "12", 
	pages = "772-774",
	url = "http://scitation.aip.org/content/aip/journal/apl/50/12/10.1063/1.98041",
	doi = "http://dx.doi.org/10.1063/1.98041" 
}


@article{Bogoljubov1958,
	author = {Bogoljubov, N. N. and Tolmachov, V. V. and Širkov, D. V.},
	title = {A New Method in the Theory of Superconductivity},
	journal = {Fortschritte der Physik},
	volume = {6},
	number = {11-12},
	pages = {605-682},
	doi = {https://doi.org/10.1002/prop.19580061102},
	year = {1958}
}

@article{gor1958,
	title={On the energy spectrum of superconductors},
	author={Gor’Kov, LP},
	journal={Sov. Phys. JETP},
	volume={7},
	number={505},
	pages={158},
	year={1958}
}

@article{Penrose1960,
	title={A spinor approach to general relativity},
	author={Penrose, Roger},
	journal={Annals of Physics},
	volume={10},
	number={2},
	pages={171--201},
	year={1960},
	publisher={Elsevier}
}

@article{Goodman1971,
	title={Quantized Flux States of Superconducting Cylinders},
	author={Goodman, William L and Willis, Wayne D and Vincent, Daniel A and Deaver Jr, Bascom S},
	journal={Physical Review B},
	volume={4},
	number={5},
	pages={1530},
	year={1971},
	publisher={APS}
}

@mastersthesis{Tobias2023,
	author = {Gehlhaar, T.},
	School = {Kirchhoff-Institut f"ur Physik, Universit"at Heidelberg},
	title = "{Characterization of the Properties of Cross-Type $\mathrm{Nb}$/$\mathrm{Al}$-$\mathrm{AlO}_x$/$\mathrm{Nb}$ Josephson Tunnel Junctions}",
	type = {Bachelor´s Thesis},
	year = "2023",
}

@article{Weihnacht1969,
	title={Influence of film thickness on DC Josephson current},
	author={Weihnacht, M},
	journal={physica status solidi (b)},
	volume={32},
	number={2},
	pages={K169--K172},
	year={1969},
	publisher={Wiley Online Library}
}

@article{Gubin2005,
	title={Dependence of magnetic penetration depth on the thickness of superconducting Nb thin films},
	author={Gubin, AI and Il’in, KS and Vitusevich, SA and Siegel, M and Klein, N},
	journal={Physical Review B},
	volume={72},
	number={6},
	pages={064503},
	year={2005},
	publisher={APS}
}

@article{Josephson1974,
	title={The discovery of tunnelling supercurrents},
	author={Josephson, BRIAN D},
	journal={Reviews of Modern Physics},
	volume={46},
	number={2},
	pages={251},
	year={1974},
	publisher={APS}
}

@article{Enpuku1985,
	title={Effect of damping resistance on voltage versus flux relation of a dc SQUID with large inductance and critical current},
	author={Enpuku, K and Sueoka, K and Yoshida, K and Irie, F},
	journal={Journal of applied physics},
	volume={57},
	number={5},
	pages={1691--1697},
	year={1985},
	publisher={American Institute of Physics}
}

@article{Tarte1999,
	title={Improvement of high T/sub c/SQUID performance using an integrated resistor},
	author={Tarte, EJ and Kang, DJ and Booij, WE and Coleman, PD and Moya, A and Baudenbacher, F and Moon, SH and Blamire, MG},
	journal={IEEE transactions on applied superconductivity},
	volume={9},
	number={2},
	pages={4432--4435},
	year={1999},
	publisher={IEEE}
}

@article{Muller2001,
	title={Voltage-flux-characteristics of asymmetric dc SQUIDs},
	author={Muller, Jochen and Weiss, Stefan and Gross, Rudolf and Kleiner, Reinhold and Koelle, Dieter},
	journal={IEEE transactions on applied superconductivity},
	volume={11},
	number={1},
	pages={912--915},
	year={2001},
	publisher={IEEE}
}

@phdThesis{Fabien2022,
	title={Rauscharme Stromsensor-dc-SQUIDs mit Impedanzanpassung für metallische magnetische Kalorimeter},
	School = {Kirchhoff-Institut f"ur Physik, Universit"at Heidelberg},
	author={Fabienne Bauer},
	year={2022}
}

@mastersthesis{Nico2024,
	title={Design, Fabrication and Characterization of Inductance-Matched Current Sensing dc-SQUIDs for Metallic Magnetic Calorimeter Readout},
	School = {Kirchhoff-Institut f"ur Physik, Universit"at Heidelberg},
	author={Kahne, Nicolas Robert},
	type = {Master thesis},
	year={2024}
}

@mastersthesis{Wolber,
	title={Auslese von metallischen magnetischen Kalorimetern mittels Flussrampenmultiplex},
	School = {IPE, Universit"at Karlsruhe},
	author={Thomas Wolber},
	type = {Master thesis},
	year={2020}
}

@book{kaiser2004electromagnetic,
	title={Electromagnetic compatibility handbook},
	author={Kaiser, Kenneth L},
	year={2004},
	publisher={CRC press}
}

@mastersthesis{Steffen,
	title={Entwicklung einer modularen 36-Kanal-Auslesekette mit rauscharmen SQUID-basierten Vorverstärkern für die 4k-Pixel-Molekülkamera MOCCA},
	School = {Kirchhoff-Institut f"ur Physik, Universit"at Heidelberg},
	author={Steffen Allgeier},
	type = {Master thesis},
	year={2017}
}

@phdThesis{Anna2024,
	title={Untersuchung des niederfrequenten Flussrauschens in dc-SQUIDs bei Temperaturen unter 1K},
	School = {Kirchhoff-Institut f"ur Physik, Universit"at Heidelberg},
	author={Anna Ferring-Siebert},
	year={2024}
}

@article{weinstein1971data,
	title={Data transmission by frequency-division multiplexing using the discrete Fourier transform},
	author={Weinstein, Stephen and Ebert, Paul},
	journal={IEEE transactions on Communication Technology},
	volume={19},
	number={5},
	pages={628--634},
	year={1971},
	publisher={IEEE}
}

@article{fourie2011three,
	title={Three-dimensional multi-terminal superconductive integrated circuit inductance extraction},
	author={Fourie, Coenrad J and Wetzstein, Olaf and Ortlepp, Thomas and Kunert, J{\"u}rgen},
	journal={Superconductor Science and Technology},
	volume={24},
	number={12},
	pages={125015},
	year={2011},
	publisher={IOP Publishing}
}

@phdThesis{Richter,
	title={Multikanal-Auslesung von metallischen magnetischen Kalorimetern mittels eines vollständigen Mikrowellen-SQUID-Multiplexer-Systems},
	School = {Kirchhoff-Institut f"ur Physik, Universit"at Heidelberg},
	author={Richter, Daniel Philipp},
	year={2021}
}

@phdThesis{Matze,
	title={Entwicklung, Herstellung und Charakterisierung eines auf metallischen magnetischen Kalorimetern basierenden Detektorarrays mit 64 Pixeln und integriertem Mikrowellen-SQUID-Multiplexer},
	School = {Kirchhoff-Institut f"ur Physik, Universit"at Heidelberg},
	author={Mathias Wegner},
	year={2018}
}

@mastersthesis{Hoibel,
	title={Frequency-division dc-SQUID Multiplexing based on flux ramp modulation},
	School = {Kirchhoff-Institut f"ur Physik, Universit"at Heidelberg},
	author={Ludwig Hoibl},
	type = {Master thesis},
	year={2021}
}

@mastersthesis{Kaap,
	title={Untersuchung des Einflusses von Kernspins und in Niob gespeichertem Wasserstoff auf das niederfrequente magnetische Flussrauschen in supraleitenden Quanteninterferenzdetektoren},
	School = {Kirchhoff-Institut f"ur Physik, Universit"at Heidelberg},
	author={Fabian Kaap},
	type = {Master thesis},
	year={2020}
}


@phdThesis{Abeln25,
	title={To be published: Developement of a 16x16 pixel MMC based high resolution X-ray detector system with multiplexed read-out based on flux ramp modulated dc SQUIDs},
	School = {Kirchhoff-Institut f"ur Physik, Universit"at Heidelberg},
	author={Andreas Abeln},
	year={2025}
}

@article{Mates2012,
	title={Flux-ramp modulation for squid multiplexing},
	author={Mates, John AB and Irwin, KD and Vale, LR and Hilton, GC and Gao, J and Lehnert, KW},
	journal={Journal of Low Temperature Physics},
	volume={167},
	pages={707--712},
	year={2012},
	publisher={Springer}
}

@article{Doriese2004,
	title={Time-division multiplexing of high-resolution x-ray microcalorimeters: Four pixels and beyond},
	author={Doriese, W Bertrand and Beall, James A and Deiker, Steven and Duncan, WD and Ferreira, L and Hilton, Gene C and Irwin, Kent D and Reintsema, Carl D and Ullom, JN and Vale, Leila R and others},
	journal={Applied physics letters},
	volume={85},
	number={20},
	pages={4762--4764},
	year={2004},
	publisher={AIP Publishing}
}

@article{Irwin2006,
	title={Microwave SQUID multiplexers for low-temperature detectors},
	author={Irwin, Kent D and Beall, James A and Doriese, W Bertrand and Duncan, WD and Hilton, Gene C and Mates, JAB and Reintsema, Carl D and Schmidt, DR and Ullom, JN and Vale, Leila R and others},
	journal={Nuclear Instruments and Methods in Physics Research Section A: Accelerators, Spectrometers, Detectors and Associated Equipment},
	volume={559},
	number={2},
	pages={802--804},
	year={2006},
	publisher={Elsevier}
}

@article{Mates2008,
	title={Demonstration of a multiplexer of dissipationless superconducting quantum interference devices},
	author={Mates, JAB and Hilton, Gene C and Irwin, Kent D and Vale, Leila R and Lehnert, KW},
	journal={Applied Physics Letters},
	volume={92},
	number={2},
	year={2008},
	publisher={AIP Publishing}
}

@phdThesis{Ahrnes2023,
	title={Cryogenic read-out system and resonator optimisation for the microwave SQUID multiplexer within the ECHo experiment},
	School = {Kirchhoff-Institut f"ur Physik, Universit"at Heidelberg},
	author={Ahrens, Felix Klaus},
	year={2022}
}


@article{Richter2021,
	title={Flux ramp modulation based MHz frequency-division dc-SQUID multiplexer},
	author={Richter, Daniel and Hoibl, Ludwig and Wolber, Thomas and Karcher, Nick and Fleischmann, Andreas and Enss, Christian and Weber, Marc and Sander, Oliver and Kempf, Sebastian},
	journal={Applied Physics Letters},
	volume={118},
	number={12},
	year={2021},
	publisher={AIP Publishing}
}

@article{swartz1989thermal,
	title={Thermal boundary resistance},
	author={Swartz, Eric T and Pohl, Robert O},
	journal={Reviews of modern physics},
	volume={61},
	number={3},
	pages={605},
	year={1989},
	publisher={APS}
}

@article{herbst2023measuring,
	title={Measuring Magnetic 1/f Noise in Superconducting Microstructures and the Fluctuation-Dissipation Theorem},
	author={Herbst, Matthew},
	journal={arXiv preprint arXiv:2303.15257},
	year={2023}
}

@article{kempf2013characterization,
	title={Characterization of the reliability and uniformity of an anodization-free fabrication process for high-quality Nb/Al--AlOx/Nb Josephson junctions},
	author={Kempf, S and Ferring, A and Fleischmann, A and Gastaldo, L and Enss, C},
	journal={Superconductor Science and Technology},
	volume={26},
	number={6},
	pages={065012},
	year={2013},
	publisher={IOP Publishing}
}

@article{ziabari2010adaptive,
	title={Adaptive power blurring techniques to calculate IC temperature profile under large temperature variations},
	author={Ziabari, Amirkoushyar and Bian, Zhixi and Shakouri, Ali},
	journal={International Microelectronic and Packaging Society (IMAPS) ATW on Thermal Management},
	pages={28--30},
	year={2010}
}

@article{Pollack1969,
	title={Kapitza resistance},
	author={Pollack, Gerald L},
	journal={Reviews of modern physics},
	volume={41},
	number={1},
	pages={48},
	year={1969},
	publisher={APS}
}



@article{Finnemore1966,
	title={Superconducting properties of high-purity niobium},
	author={Finnemore, DK and Stromberg, TF and Swenson, CA},
	journal={Physical Review},
	volume={149},
	number={1},
	pages={231},
	year={1966},
	publisher={APS}
}

@article{Roberts1976,
	title={Survey of superconductive materials and critical evaluation of selected properties},
	author={Roberts, Benjamin Washington},
	journal={Journal of Physical and Chemical Reference Data},
	volume={5},
	number={3},
	pages={581--822},
	year={1976},
	publisher={American Institute of Physics for the National Institute of Standards and~…}
}

@book{Annett2004,
	title={Superconductivity, superfluids and condensates},
	author={Annett, James F},
	volume={5},
	year={2004},
	publisher={Oxford University Press}
}

@book{alexandrov2003theory,
	title={Theory of superconductivity: from weak to strong coupling},
	author={Alexandrov, Alexandre S},
	year={2003},
	publisher={CRC Press}
}

@article{cooper1972microscopic,
	title={Microscopic quantum interference effects in the theory of superconductivity},
	author={Cooper, Leon N},
	journal={Nobel Lect},
	volume={11},
	pages={73--93},
	year={1972}
}


@book{motchenbacher1993low,
	title={Low-noise electronic system design},
	author={Motchenbacher, Curtis D and Connelly, Joseph Alvin and others},
	volume={269},
	year={1993},
	publisher={Wiley New York}
}

@article{lanting2014evidence,
	title={Evidence for temperature-dependent spin diffusion as a mechanism of intrinsic flux noise in SQUIDs},
	author={Lanting, T and Amin, MH and Berkley, AJ and Rich, C and Chen, S-F and LaForest, S and de Sousa, Rog{\'e}rio},
	journal={Physical Review B},
	volume={89},
	number={1},
	pages={014503},
	year={2014},
	publisher={APS}
}

@article{wu2012modeling,
	title={Modeling flux noise in SQUIDs due to hyperfine interactions},
	author={Wu, Jiansheng and Clare, C Yu},
	journal={Physical Review Letters},
	volume={108},
	number={24},
	pages={247001},
	year={2012},
	publisher={APS}
}

@article{kempf2016towards,
	title={Towards noise engineering: Recent insights in low-frequency excess flux noise of superconducting quantum devices},
	author={Kempf, Sebastian and Ferring, Anna and Enss, Christian},
	journal={Applied Physics Letters},
	volume={109},
	number={16},
	year={2016},
	publisher={AIP Publishing}
}

@inproceedings{pleikies2006squid,
	title={SQUID developments for high accuracy current measurements in the kHz frequency range},
	author={Pleikies, J and Kuit, KH and Flokstra, J and Podt, M and Gottardi, L and de Waard, A and Usenko, O and Frossati, G},
	booktitle={7th International Workshop on Low Temperature Electronics, WOLTE 2006},
	pages={159--164},
	year={2006},
	organization={Citeseer}
}

@article{kim2023thermal,
	title={A thermal model of low-temperature light detectors for neutrinoless double beta decay experiments},
	author={Kim, SG and Jeon, JA and Woo, KR and Kim, SR and Kwon, DH and Lee, HJ and Kim, HB and Lee, YC and Kim, MB and Lee, MK and others},
	journal={Journal of Low Temperature Physics},
	pages={1--9},
	year={2023},
	publisher={Springer}
}

@article{little1959transport,
	title={The transport of heat between dissimilar solids at low temperatures},
	author={Little, WA},
	journal={Canadian Journal of Physics},
	volume={37},
	number={3},
	pages={334--349},
	year={1959},
	publisher={NRC Research Press Ottawa, Canada}
}

@article{gershenson2001millisecond,
	title={Millisecond electron--phonon relaxation in ultrathin disordered metal films at millikelvin temperatures},
	author={Gershenson, ME and Gong, D and Sato, T and Karasik, BS and Sergeev, AV},
	journal={Applied Physics Letters},
	volume={79},
	number={13},
	pages={2049--2051},
	year={2001},
	publisher={American Institute of Physics}
}

@article{giazotto2006opportunities,
	title={Opportunities for mesoscopics in thermometry and refrigeration: Physics and applications},
	author={Giazotto, Francesco and Heikkil{\"a}, Tero T and Luukanen, Arttu and Savin, Alexander M and Pekola, Jukka P},
	journal={Reviews of Modern Physics},
	volume={78},
	number={1},
	pages={217},
	year={2006},
	publisher={APS}
}

@article{savin2006thermal,
	title={Thermal budget of superconducting digital circuits at subkelvin temperatures},
	author={Savin, AM and Pekola, Jukka P and Averin, DV and Semenov, VK},
	journal={Journal of applied physics},
	volume={99},
	number={8},
	year={2006},
	publisher={AIP Publishing}
}


@article{friis1944noise,
	title={Noise figures of radio receivers},
	author={Friis, Harald T},
	journal={Proceedings of the IRE},
	volume={32},
	number={7},
	pages={419--422},
	year={1944},
	publisher={IEEE}
}

@phdThesis{Pleikis2006,
	title={Strongly coupled, low noise dc-SQUID amplifiers},
	author={Johannes Pleikies},
	year={2009}
}

@mastersthesis{Stoll23,
	title={Optimisation of Nb/Al-AlO/Nb Tri-Layer Deposition for Cross-Type Josephson Junction Fabrication in the PreVAC Sputtering System},
	School = {Kirchhoff-Institut f"ur Physik, Universit"at Heidelberg},
	author={Alexander Stoll},
	type = {Master thesis},
	year={2023}
}






