@article{Josephson1965,
author = {Josephson, B. D.},
doi = {10.1080/00018736500101091},
issn = {0001-8732},
journal = {Advances in Physics},
month = {oct},
number = {56},
pages = {419--451},
publisher = { Taylor {\&} Francis Group },
title = {{Supercurrents through barriers}},
url = {http://www.tandfonline.com/doi/abs/10.1080/00018736500101091},
volume = {14},
year = {1965}
}
@book{Clarke2004,
editor = {Clarke, J. and Braginski, A. I.},
isbn = {3527402292},
pages = {395},
publisher = {Wiley-VCH},
title = {{The SQUID Handbook: Vol. 1, Fundamentals and Technology of SQUIDs and SQUID Systems}},
year = {2004}
}
@book{Buckel2004,
author = {Buckel, W. and Kleiner, R.},
isbn = {3527403493},
pages = {461},
publisher = {Wiley-VCH},
title = {{Superconductivity: Fundamentals and Applications}},
year = {2004}
}
@article{Tesche1977,
author = {Tesche, C. D. and Clarke, J.},
file = {:C$\backslash$:/Users/fbauer/AppData/Local/Mendeley Ltd./Mendeley Desktop/Downloaded/Tesche, Clarke - 1977 - dc SQUID Noise and Optimization.pdf:pdf},
journal = {Journal of Low Temperature Physics},
number = {3},
pages = {1--9},
title = {{dc SQUID: Noise and Optimization}},
url = {https://link.springer.com/content/pdf/10.1007{\%}2FBF00655097.pdf},
volume = {294},
year = {1977}
}
@article{McCumber1968,
author = {McCumber, D. E.},
doi = {10.1063/1.1656743},
file = {:C$\backslash$:/Users/fbauer/AppData/Local/Mendeley Ltd./Mendeley Desktop/Downloaded/McCumber - 1968 - Effect of ac Impedance on dc Voltage‐Current Characteristics of Superconductor Weak‐Link Junctions.pdf:pdf},
issn = {0021-8979},
journal = {Journal of Applied Physics},
month = {jun},
number = {7},
pages = {3113--3118},
publisher = {American Institute of Physics},
title = {{Effect of ac Impedance on dc Voltage-Current Characteristics of Superconductor Weak-Link Junctions}},
url = {http://aip.scitation.org/doi/10.1063/1.1656743},
volume = {39},
year = {1968}
}
@article{Stewart1968,
author = {Stewart, W. C.},
doi = {10.1063/1.1651991},
journal = {Applied Physics Letters},
number = {8},
pages = {277--280},
title = {{Current-Voltage Characteristics of Josephson Junctions}},
url = {http://adsabs.harvard.edu/abs/1968ApPhL..12..277S},
volume = {12},
year = {1968}
}
@article{Josephson1962,
author = {Josephson, B. D.},
doi = {10.1016/0031-9163(62)91369-0},
file = {:C$\backslash$:/Users/fbauer/AppData/Local/Mendeley Ltd./Mendeley Desktop/Downloaded/Josephson - 1962 - Possible new effects in superconductive tunnelling.pdf:pdf},
issn = {0031-9163},
journal = {Physics Letters},
month = {jul},
number = {7},
pages = {251--253},
publisher = {North-Holland},
title = {{Possible new effects in superconductive tunnelling}},
url = {https://www.sciencedirect.com/science/article/pii/0031916362913690},
volume = {1},
year = {1962}
}
@book{Barone1982,
author = {Barone, A. and Patern{\`{o}}, G.},
doi = {10.1002/352760278X},
isbn = {9783527602780},
month = {jul},
publisher = {Wiley-VCH},
title = {{Physics and Applications of the Josephson Effect}},
url = {http://doi.wiley.com/10.1002/352760278X},
year = {1982}
}
@article{Jaycox1981,
author = {Jaycox, J. M. and Ketchen, M. B.},
doi = {10.1109/TMAG.1981.1060902},
file = {:C$\backslash$:/Users/Fabienne/Documents/UNI/Masterarbeit/Jaycox 1981.pdf:pdf},
issn = {19410069},
journal = {IEEE Transactions on Magnetics},
number = {1},
pages = {400--403},
title = {{Planar coupling scheme for ultra low noise dc SQUIDs}},
volume = {17},
year = {1981}
}
@article{Grieg1952,
author = {Grieg, D. and Engelmann, H.},
doi = {10.1109/JRPROC.1952.274144},
issn = {0096-8390},
journal = {Proceedings of the IRE},
month = {dec},
number = {12},
pages = {1644--1650},
title = {{Microstrip - A New Transmission Technique for the Kilomegacycle Range}},
url = {http://ieeexplore.ieee.org/document/4050884/},
volume = {40},
year = {1952}
}
@article{Knuutila1987,
author = {Knuutila, J. and Ahonen, A. and Tesche, C. D.},
doi = {10.1007/BF00683902},
file = {:C$\backslash$:/Users/Fabienne/AppData/Local/Mendeley Ltd./Mendeley Desktop/Downloaded/Knuutila, Ahonen, Tesche - 1987 - Effects on DC SQUID characteristics of damping of input coil resonances.pdf:pdf},
issn = {0022-2291},
journal = {Journal of Low Temperature Physics},
month = {aug},
number = {3-4},
pages = {269--284},
publisher = {Kluwer Academic Publishers-Plenum Publishers},
title = {{Effects on DC SQUID characteristics of damping of input coil resonances}},
url = {http://link.springer.com/10.1007/BF00683902},
volume = {68},
year = {1987}
}
@article{Enpuku1992,
author = {Enpuku, K. and Cantor, R. and Koch, H.},
doi = {10.1063/1.351353},
file = {:C$\backslash$:/Users/Fabienne/Documents/UNI/Masterarbeit/Enpuku1992.pdf:pdf},
issn = {00218979},
journal = {Journal of Applied Physics},
number = {5},
pages = {2338--2346},
title = {{Modeling the direct current superconducting quantum interference device coupled to the multiturn input coil. II}},
volume = {71},
year = {1992}
}
@article{Enpuku1991,
author = {Enpuku, K. and Yoshida, K.},
doi = {10.1063/1.347576},
file = {:C$\backslash$:/Users/Fabienne/AppData/Local/Mendeley Ltd./Mendeley Desktop/Downloaded/Enpuku, Yoshida - 1991 - Modeling the dc superconducting quantum interference device coupled to the multiturn input coil.pdf:pdf},
issn = {0021-8979},
journal = {Journal of Applied Physics},
keywords = {COUPLING,DESIGN,ELECTRONIC CIRCUITS,PERFORMANCE,SQUID DEVICES,SUPERCONDUCTING COILS},
month = {may},
number = {10},
pages = {7295--7300},
publisher = {American Institute of Physics},
title = {{Modeling the dc superconducting quantum interference device coupled to the multiturn input coil}},
url = {http://aip.scitation.org/doi/10.1063/1.347576},
volume = {69},
year = {1991}
}
@mastersthesis{Richter2017,
author = {Richter, D.},
file = {::},
school = {Kirchhoff-Institut f{\"{u}}r Physik, Universit{\"{a}}t Heidelberg},
title = {{Auslesung von SQUIDs mittels Flussrampenmodulation}},
type = {Masterarbeit},
year = {2017}
}
@article{Ono1997,
author = {Ono, R. H. and Koch, J. A. and Steinbach, A. and Huber, M. E. and Cromar, M. W.},
doi = {10.1109/77.621756},
issn = {10518223},
journal = {IEEE Transactions on Applied Superconductivity},
month = {jun},
number = {2},
pages = {2538--2541},
title = {{Tightly coupled dc SQUIDs with resonance damping}},
url = {http://ieeexplore.ieee.org/document/621756/},
volume = {7},
year = {1997}
}
@mastersthesis{Ferring2015,
author = {Ferring, A.},
file = {::},
school = {Kirchhoff-Institut f{\"{u}}r Physik, Universit{\"{a}}t Heidelberg},
title = {{Entwicklung von dc-SQUIDs zur Auslesung von metallischen magnetischen Kalorimetern}},
type = {Masterarbeit},
year = {2015}
}
@article{Knuutila1988,
author = {Knuutila, J. and Kajola, M. and Sepp{\"{a}}, H. and Mutikainen, R. and Salmi, J.},
doi = {10.1007/BF00116869},
file = {:C$\backslash$:/Users/Fabienne/AppData/Local/Mendeley Ltd./Mendeley Desktop/Downloaded/Knuutila et al. - 1988 - Design, optimization, and construction of a dc SQUID with complete flux transformer circuits.pdf:pdf},
issn = {0022-2291},
journal = {Journal of Low Temperature Physics},
month = {jun},
number = {5-6},
pages = {369--392},
publisher = {Kluwer Academic Publishers},
title = {{Design, Optimization, and Construction of a DC SQUID with Complete Flux Transformer Circuits}},
url = {http://link.springer.com/10.1007/BF00116869},
volume = {71},
year = {1988}
}
@article{Drung2002,
author = {Drung, D.},
doi = {10.1016/S0921-4534(01)01154-6},
issn = {09214534},
journal = {Physica C: Superconductivity},
month = {mar},
number = {1-4},
pages = {134--140},
title = {{High-performance DC SQUID read-out electronics}},
url = {http://linkinghub.elsevier.com/retrieve/pii/S0921453401011546},
volume = {368},
year = {2002}
}
@mastersthesis{Deeg2016,
author = {Deeg, L.},
file = {::},
school = {Kirchhoff-Institut f{\"{u}}r Physik, Universit{\"{a}}t Heidelberg},
title = {{Bestimmung der intrinsischen Kapazität von Nb/Al-AlO$_x$/Nb-Tunnelkontakten}},
type = {Bachelorarbeit},
year = {2016}
}
@article{Fourie2005,
author = {Fourie, C. J. and Perold, W. J.},
doi = {10.1109/TASC.2005.849806},
issn = {1051-8223},
journal = {IEEE Transactions on Applied Superconductivity},
month = {jun},
number = {2},
pages = {300--303},
title = {{Simulated Inductance Variations in RSFQ Circuit Structures}},
url = {http://ieeexplore.ieee.org/document/1439635/},
volume = {15},
year = {2005}
}
@article{Gurvitch1983,
author = {Gurvitch, M. and Washington, M. A. and Huggins, H. A.},
doi = {10.1063/1.93974},
file = {::},
issn = {0003-6951},
journal = {Applied Physics Letters},
keywords = {aluminium,anodization,etching,fabrication,josephson junctions,layers,niobium},
month = {mar},
number = {5},
pages = {472--474},
publisher = {American Institute of Physics},
title = {{High quality refractory Josephson tunnel junctions utilizing thin aluminum layers}},
url = {http://aip.scitation.org/doi/10.1063/1.93974},
volume = {42},
year = {1983}
}
@article{Kempf2013,
author = {Kempf, S. and Ferring, A. and Fleischmann, A. and Gastaldo, L. and Enss, C.},
doi = {10.1088/0953-2048/26/6/065012},
file = {:C$\backslash$:/Users/Fabienne/AppData/Local/Mendeley Ltd./Mendeley Desktop/Downloaded/Kempf et al. - 2013 - Characterization of the reliability and uniformity of an anodization-free fabrication process for high-quality {\$}Nb.pdf:pdf},
issn = {0953-2048},
journal = {Superconductor Science and Technology},
number = {6},
pages = {065012},
title = {{Characterization of the reliability and uniformity of an anodization-free fabrication process for high-quality Nb/Al-AlO$_x$/Nb Josephson junctions}},
url = {http://iopscience.iop.org/0953-2048/26/6/065012/article/},
volume = {26},
year = {2013}
}
@mastersthesis{Zimmerer2018,
author = {Zimmerer, F.},
file = {::},
school = {Kirchhoff-Institut f{\"{u}}r Physik, Universit{\"{a}}t Heidelberg},
title = {{Beurteilung der Qualität von Nb/Al-AlO$_x$/Nb-Josephson-Kontakten und Charakterisierung des Herstellungsprozesses von Nb/Al-AlO$_x$/Nb-Dreischichtstrukturen}},
type = {Bachelorarbeit},
year = {2018}
}
@article{Anders2009,
author = {Anders, S. and Schmelz, M. and Fritzsch, L. and Stolz, R. and Zakosarenko, V. and Sch{\"{o}}nau, T. and Meyer, H.-G.},
doi = {10.1088/0953-2048/22/6/064012},
issn = {0953-2048},
journal = {Superconductor Science and Technology},
month = {jun},
number = {6},
pages = {064012},
publisher = {IOP Publishing},
title = {{Sub-micrometer-sized, cross-type Nb-AlO$_x$-Nb tunnel junctions with low parasitic capacitance}},
url = {http://stacks.iop.org/0953-2048/22/i=6/a=064012?key=crossref.d7b7fbdb47a7417bdd705765c9ae9891},
volume = {22},
year = {2009}
}
@article{Dolata1999,
author = {Dolata, R. and Weimann, T. and Scherer, H.-J. and Niemeyer, J.},
doi = {10.1109/77.783723},
issn = {10518223},
journal = {IEEE Transactions on Applied Superconductivity},
month = {jun},
number = {2},
pages = {3255--3258},
title = {{Sub $\mu$m Nb/AlO$_x$//Nb Josephson junctions fabricated by anodization techniques}},
url = {http://ieeexplore.ieee.org/document/783723/},
volume = {9},
year = {1999}
}
@article{Magerlein1981,
author = {Magerlein, J. H.},
doi = {10.1109/TMAG.1981.1060968},
issn = {0018-9464},
journal = {IEEE Transactions on Magnetics},
month = {jan},
number = {1},
pages = {286--289},
title = {{Specific capacitance of Josephson tunnel junctions}},
url = {http://ieeexplore.ieee.org/document/1060968/},
volume = {17},
year = {1981}
}
@article{Maezawa1995,
author = {Maezawa, M. and Aoyagi, M. and Nakagawa, H. and Kurosawa, I. and Takada, S.},
file = {:C$\backslash$:/Users/Fabienne/Documents/UNI/Masterarbeit/Maezawa{\_}1995.pdf:pdf},
journal = {Applied Physics Letters},
number = {16},
pages = {2134--2136},
title = {{Specific capacitance of Nb/AlO$_x$/Nb Josephson junctions with critical current densities in the range of $0.1-18\,\mathrm{kA/cm^2}$}},
volume = {66},
year = {1995}
}
@article{Adelerhof1993,
author = {Adelerhof, D. J. and Bijlsma, M. E. and Fransen, P. B. M. and Weiman, T. and Flokstra, J. and Rogalla, H.},
doi = {10.1016/0921-4534(93)90563-6},
issn = {0921-4534},
journal = {Physica C: Superconductivity},
month = {may},
number = {4},
pages = {477--485},
publisher = {North-Holland},
title = {{Fabrication of Nb/Al,AlO$_x$/Al/Nb Josephson tunnel junctions using reactive ion etching in SF$_6$}},
url = {https://www.sciencedirect.com/science/article/abs/pii/0921453493905636},
volume = {209},
year = {1993}
}
@phdthesis{Schmelz2014,
author = {Schmelz, M.},
file = {:C$\backslash$:/Users/Fabienne/Documents/UNI/Masterarbeit/Dissertation{\_}Schmelz.pdf:pdf},
isbn = {9789462590168},
school = {University of Twente},
title = {{Development of a High Sensitive Receiver System for Transient Electromagnetics}},
url = {http://books.google.de/books?id=yO77ngEACAAJ},
year = {2014}
}
@article{McMillan1968,
author = {McMillan, W. L.},
doi = {10.1103/PhysRev.175.537},
file = {:C$\backslash$:/Users/Fabienne/AppData/Local/Mendeley Ltd./Mendeley Desktop/Downloaded/McMillan - 1968 - Tunneling Model of the Superconducting Proximity Effect.pdf:pdf},
issn = {0031-899X},
journal = {Physical Review},
month = {nov},
number = {2},
pages = {537--542},
publisher = {American Physical Society},
title = {{Tunneling Model of the Superconducting Proximity Effect}},
url = {https://link.aps.org/doi/10.1103/PhysRev.175.537},
volume = {175},
year = {1968}
}
@article{Kempf2015,
author = {Kempf, S. and Ferring, A. and Fleischmann, A. and Enss, C.},
doi = {10.1088/0953-2048/28/4/045008},
file = {:C$\backslash$:/Users/Fabienne/AppData/Local/Mendeley Ltd./Mendeley Desktop/Downloaded/Kempf et al. - 2015 - Direct-current superconducting quantum interference devices for the readout of metallic magnetic calorimeters.pdf:pdf},
issn = {13616668},
journal = {Superconductor Science and Technology},
keywords = {1/f noise,SQUID design,direct-current superconducting quantum interferenc,low-temperature microcalorimeters,metallic magnetic calorimeters},
number = {4},
pages = {45008},
publisher = {IOP Publishing},
title = {{Direct-current superconducting quantum interference devices for the readout of metallic magnetic calorimeters}},
url = {http://dx.doi.org/10.1088/0953-2048/28/4/045008},
volume = {28},
year = {2015}
}
@inbook{Fleischmann2005,
author = {Fleischmann, A. and Enss, C. and Seidel, G.},
chapter = {{Metallic Magnetic Calorimeters}},
pages = {149--215},
publisher = {Springer-Verlag Berlin Heidelberg},
series = {Topics in applied physics},
title = {{Cryogenic Particle Detection}},
volume = {99},
year = {2005}
}
@article{Danchi1984,
author = {Danchi, W. C. and Hansen, J. Bindslev and Octavio, M. and Habbal, F. and Tinkham, M.},
doi = {10.1103/PhysRevB.30.2503},
file = {:C$\backslash$:/Users/Fabienne/AppData/Local/Mendeley Ltd./Mendeley Desktop/Downloaded/Danchi et al. - 1984 - Effects of noise on the dc and far-infrared Josephson effect in small-area superconducting tunnel junctions.pdf:pdf},
issn = {0163-1829},
journal = {Physical Review B},
month = {sep},
number = {5},
pages = {2503--2516},
publisher = {American Physical Society},
title = {{Effects of noise on the dc and far-infrared Josephson effect in small-area superconducting tunnel junctions}},
url = {https://link.aps.org/doi/10.1103/PhysRevB.30.2503},
volume = {30},
year = {1984}
}
@article{Kempf2018,
author = {Kempf, S. and Fleischmann, A. and Gastaldo, L. and Enss, C.},
doi = {10.1007/s10909-018-1891-6},
file = {:C$\backslash$:/Users/Fabienne/AppData/Local/Mendeley Ltd./Mendeley Desktop/Downloaded/Kempf et al. - 2018 - Physics and Applications of Metallic Magnetic Calorimeters.pdf:pdf},
issn = {0022-2291},
journal = {Journal of Low Temperature Physics},
month = {mar},
pages = {1--15},
publisher = {Springer US},
title = {{Physics and Applications of Metallic Magnetic Calorimeters}},
url = {http://link.springer.com/10.1007/s10909-018-1891-6},
year = {2018}
}
@article{Lichtenberger1989,
author = {Lichtenberger, A. W. and McClay, C. P. and Mattauch, R. J. and Feldman, M. J. and Pan, S. and Kerr, A. R.},
doi = {10.1109/20.92842},
issn = {00189464},
journal = {IEEE Transactions on Magnetics},
month = {mar},
number = {2},
pages = {1247--1250},
title = {{Fabrication of Nb/Al-Al$_2$O$_3$/Nb junctions with extremely low leakage currents}},
url = {http://ieeexplore.ieee.org/document/92842/},
volume = {25},
year = {1989}
}
@article{Carbotte1990,
author = {Carbotte, J. P.},
doi = {10.1103/RevModPhys.62.1027},
file = {:C$\backslash$:/Users/Fabienne/AppData/Local/Mendeley Ltd./Mendeley Desktop/Downloaded/Carbotte - 1990 - Properties of boson-exchange superconductors.pdf:pdf},
issn = {0034-6861},
journal = {Reviews of Modern Physics},
month = {oct},
number = {4},
pages = {1027--1157},
publisher = {American Physical Society},
title = {{Properties of Boson-Exchange Superconductors}},
url = {https://link.aps.org/doi/10.1103/RevModPhys.62.1027},
volume = {62},
year = {1990}
}
@article{Coon1965,
author = {Coon, D. D. and Fiske, M. D.},
doi = {10.1103/PhysRev.138.A744},
file = {:C$\backslash$:/Users/Fabienne/AppData/Local/Mendeley Ltd./Mendeley Desktop/Downloaded/Coon, Fiske - 1965 - Josephson ac and Step Structure in the Supercurrent Tunneling Characteristic.pdf:pdf},
issn = {0031-899X},
journal = {Physical Review},
month = {may},
number = {3A},
pages = {A744--A746},
publisher = {American Physical Society},
title = {{Josephson ac and Step Structure in the Supercurrent Tunneling Characteristic}},
url = {https://link.aps.org/doi/10.1103/PhysRev.138.A744},
volume = {138},
year = {1965}
}
@article{Du2007,
author = {Du, J. and Charles, A. D. M. and Petersson, K. D. and Preston, E. W.},
doi = {10.1088/0953-2048/20/11/S10},
issn = {0953-2048},
journal = {Superconductor Science and Technology},
month = {nov},
number = {11},
pages = {S350--S355},
publisher = {IOP Publishing},
title = {{Influence of Nb film surface morphology on the sub-gap leakage characteristics of Nb/AlO$_x$-Al/Nb Josephson junctions}},
url = {http://stacks.iop.org/0953-2048/20/i=11/a=S10?key=crossref.2441f54f99526fd7820a5beeeb8d08dc},
volume = {20},
year = {2007}
}
@article{Imamura1992,
author = {Imamura, T. and Shiota, T. and Hasuo, S.},
doi = {10.1109/77.124922},
issn = {10518223},
journal = {IEEE Transactions on Applied Superconductivity},
month = {mar},
number = {1},
pages = {1--14},
title = {{Fabrication of high quality Nb/AlO$_x$-Al/Nb Josephson junctions: I - Sputtered Nb films for junction electrodes}},
url = {http://ieeexplore.ieee.org/document/124922/},
volume = {2},
year = {1992}
}
@article{Imamura1992b,
author = {Imamura, T.  and Hasuo, S.},
doi = {10.1109/77.139224},
issn = {10518223},
journal = {IEEE Transactions on Applied Superconductivity},
month = {jun},
number = {2},
pages = {84--94},
title = {{Fabrication of high quality Nb/AlO$_x$-Al/Nb Josephson junctions: II - Deposition of Thin Al Layers on Nb Films}},
url = {https://ieeexplore.ieee.org/document/139224},
volume = {2},
year = {1992}
}
@article{Du2007_2,
author = {Du, J. and Charles, A. D. M. and Petersson, K. D.},
doi = {10.1109/TASC.2007.898838},
issn = {1051-8223},
journal = {IEEE Transactions on Applied Superconductivity},
month = {jun},
number = {2},
pages = {3520--3524},
title = {{Study of the Surface Morphology of Nb Films and the Microstructure of Nb/AlO$_x$-Al/Nb Trilayers}},
url = {http://ieeexplore.ieee.org/document/4278082/},
volume = {17},
year = {2007}
}
@article{Ambegaokar1963,
author = {Ambegaokar, V. and Baratoff, A.},
doi = {10.1103/PhysRevLett.10.486},
file = {:C$\backslash$:/Users/Fabienne/AppData/Local/Mendeley Ltd./Mendeley Desktop/Downloaded/Ambegaokar, Baratoff - 1963 - Tunneling Between Superconductors.pdf:pdf},
issn = {0031-9007},
journal = {Physical Review Letters},
month = {jun},
number = {11},
pages = {486--489},
publisher = {American Physical Society},
title = {{Tunneling Between Superconductors}},
url = {https://link.aps.org/doi/10.1103/PhysRevLett.10.486},
volume = {10},
year = {1963}
}
@book{Jenkins1967,
author = {Jenkins, FA and White, HE},
doi = {10.1002/352760278X},
isbn = {9780072561913},
publisher = {McGraw-Hill},
title = {{Fundamentals of Optics}},
year = {1967}
}
% Anna _________________________________________________________________________________________________________________________________________________________________________________________________________
@article{fake1999,
author = {fakey McFakeFace}
}

@article{Stewart1968,
   author = {Stewart, W. C.},
   affiliation = {RCA Laboratories, Princeton, New Jersey},
   title = {{Current-Voltage Characteristics of Josephson Junctions}},
   journal = {Appl. Phys. Lett.},
   keyword = {Characteristics},
   pages = {277-280},
   volume = {12},
   number = {8},
   issue = {8},
   year = {1968}
}

@article{McCumber1968,
author = {McCumber, D. E.},
title = {{Effect of ac Impedance on dc Voltage-Current Characteristics of Superconductor Weak-Link Junctions}},
affiliation = {Bell Telephone Laboratories, Incorporated, Murray Hill, New Jersey},
volume = {39},
number = {7},
pages = {3113-3118},
year = {1968},
journal = {J. Appl. Phys.}
}

@book{Likharev1986,
	Date-Added = {2012-06-30 16:33:59 +0200},
	Date-Modified = {2012-06-30 16:33:59 +0200},
	Author={Likharev, K. K.},
	Publisher = {Gordon and Breach, New York},
	Title = {{Dynamics of Josephson Junctions and Circuits}},
	Year = {1986}}

@book{Buckel2004,
	Date-Added = {2012-06-30 16:33:59 +0200},
	Date-Modified = {2012-06-30 16:33:59 +0200},
	Author = {W. Buckel and R. Kleiner},
	Publisher = {Wiley-VCH, Weinheim},
	Title = {{Superconductivity, Fundamentals and Applications}},
	Year = {2004}}



@article{deGennes1964,
author = {de Gennes, P. G.}, 
title = {{Boundary Effects in Superconductors}}, 
affiliation = {Faculté des Sciences, Orsay (S & 0) France},
volume = {36}, 
number = {}, 
pages = {225-237}, 
year = {1964}, 
journal = {Rev. Mod. Phys.} 
}


@article{Cooper1956,
  title = {{Bound Electron Pairs in a Degenerate Fermi Gas}},
  author = {Cooper, L. N.},
  journal = {Phys. Rev.},
  volume = {104},
  issue = {4},
  pages = {1189-1190},
  year = {1956},
  month = {Nov},
  doi = {10.1103/PhysRev.104.1189},
  url = {http://link.aps.org/doi/10.1103/PhysRev.104.1189},
  publisher = {American Physical Society}
}

@article{Weihnacht1969,
author = {Weihnacht, M.}, 
title = {{Influence of Film Thickness on D. C. Josephson Current}}, 
affiliation = {Institut für Elektronik, Dresden},
volume = {32}, 
number = {2}, 
pages = {K169-K172}, 
year = {1969}, 
journal = {Phys. Stat. Sol. B} 
}

@article{Dynes1978,
author = {Dynes, R. C. and Narayanamurti, V. and Garno, J. P.}, 
title = {{Direct Measurement of Quasiparticle-Lifetime Broadening in a Strong-Coupled Superconductor}}, 
affiliation = {Bell Laboratories, Murray Hill, New Jersey},
volume = {41}, 
number = {21}, 
pages = {1509-1512}, 
year = {1978}, 
journal = {Phys. Rev. Lett.} 
}

@article{Ambegaokar1963,
  title = {{Tunneling Between Superconductors}},
  author = {Ambegaokar, V. and Baratoff, A.},
  journal = {Phys. Rev. Lett.},
  volume = {10},
  issue = {11},
  pages = {486--489},
  year = {1963},
  month = {Jun},
  doi = {10.1103/PhysRevLett.10.486},
  url = {http://link.aps.org/doi/10.1103/PhysRevLett.10.486},
  publisher = {American Physical Society}
}

@article{Ambegaokar1963E,
  title = {Tunneling Between Superconductors},
  author = {Ambegaokar, Vinay and Baratoff, Alexis},
  journal = {Phys. Rev. Lett.},
  volume = {11},
  issue = {2},
  pages = {104--104},
  numpages = {0},
  year = {1963},
  month = {Jul},
  publisher = {American Physical Society},
  doi = {10.1103/PhysRevLett.11.104},
  url = {http://link.aps.org/doi/10.1103/PhysRevLett.11.104}
}


@article{Bol1985,
  title = {{Thermal Activation in the Quantum Regime and Macroscopic Quantum Tunneling in the Thermal Regime in a Metastable System Consisting of a Superconducting Ring Interrupted by a Weak Junction}},
  author = {Bol, D.W. and Scheffer, J. J. F. and Giele, W. T. and de Bruyn Ouboter, R.},
  journal = {Physica B: Physics of Condensed Matter},
  volume = {154},
  issue = {1},
  pages = {56-65},
  year = {1985},
  month = {Jul},
  }


@article{Josephson1964,
  title = {{Coupled Superconductors}},
  author = {Josephson, B. D.},
  journal = {Rev. Mod. Phys.},
  volume = {36},
  issue = {1},
  pages = {216--220},
  year = {1964},
  month = {Jan},
  doi = {10.1103/RevModPhys.36.216},
  url = {http://link.aps.org/doi/10.1103/RevModPhys.36.216},
  publisher = {American Physical Society}
}

@phdthesis{Kempf2012,
	Author = {Kempf, S.},
	School = {Kirchhoff-Institut f"ur Physik, Universit"at Heidelberg},
	Title = {{Entwicklung eines Mikrowellen-SQUID-Multiplexers auf der Grundlage nicht-hysteretischer rf-SQUIDs zur Auslesung metallischer magnetischer Kalorimeter}},
	Year = {2012}}


@book{Mersevey1969,
	Date-Added = {2012-07-06 10:33:59 +0200},
	Date-Modified = {2012-07-06 10:33:59 +0200},
	Author = {Mersevey, R. and Schwartz , B. B.},
	Publisher = {Dekker, New York},
	Title = {{Superconductivity}},
	Year = {1969}}



@article{Carbotte1990,
  title = {{Properties of Boson-Exchange Superconductors}},
  author = {Carbotte, J. P. },
  journal = {Rev. Mod. Phys.},
  volume = {62},
  issue = {4},
  pages = {1027--1157},
  year = {1990},
 }



@article{Yamamori1994,
  title = {{Study on  the Transition Width at Gap Voltage caused by the Proximity Effect in Nb-based Josephson Junctions}},
  author = {Yamamori, H. and Miura, T. and Fujimaki, A. and Takai, Y. and Hayakawa, H. },
  journal = {Supercond. Sci. Technol.},
  volume = {7},
  issue = {5},
  pages = {284--286},
  year = {1994},
 }




@article{Taylor1963,
  title = {{Excess Currents in Electron Tunneling between Superconductors}},
  author = {Taylor, B. N. and Burstein, E. },
  journal = {Phys. Rev. Lett.},
  volume = {10},
  issue = {1},
  pages = {14--17},
  year = {1963},
 }



@article{Schrieffer1963,
  title = {{Two-Particle Tunneling Processes between Superconductors}},
  author = {Schrieffer, J. R. and Wilkins, J. W.  },
  journal = {Phys. Rev. Lett.},
  volume = {10},
  issue = {1},
  pages = {17--20},
  year = {1963},
 }

@article{Octavio1983,
  title = {{Subharmonic Energy-Gap Structure in Superconducting Constrictions}},
  author = {Octavio, M. and Tinkham, M. and Blonder, G. E. and Klapwijk, T. M. },
  journal = {Phys. Rev. B},
  volume = {27},
  issue = {11},
  pages = {6739--6746},
  year = {1983},
 }


@article{Gurvitch1983,
  title = {{High Quality Refractory Josephson Tunnel Junctions Utilizing Thin Aluminium Layers}},
  author = {Gurvitch, M. and Washington, M. A. and Huggins, H. A. },
  journal = {Appl. Phys. Lett.},
  volume = {42},
  issue = {5},
  pages = {472--474},
  year = {1983},
 }

@article{Du2007,
  title = {{Influence of Nb Film Surface Morphology on the Sub-Gap Leakage Characteristics of Nb/AlOx-Al/Nb Josephson Junctions}},
  author = {Du, J. and Charles, A. D. M. and Petersson K. D. and Preston, E. W.},
  journal = {Supercond. Sci. Technol.},
  volume = {20},
  issue = {11},
  pages = {350--355},
  year = {2007},
 }

@article{Kuroda1988,
  title = {{Niobiumstress Influence on Nb/Aloxide/Nb Josephson Junctions}},
  author = {Kuroda, K. and Yuda, M.},
  journal = {J. Appl. Phys.},
  volume = {63},
  issue = {7},
  pages = {2352--2357},
  year = {1988},
 }

@article{McMillan1968,
  title = {{Tunneling Model of the Superconducting Proximity Effect}},
  author = {McMillan, W. L.},
  journal = {Phys. Rev.},
  volume = {175},
  issue = {2},
  pages = {537--542},
  year = {1968},
  month = {Nov},
  doi = {10.1103/PhysRev.175.537},
  url = {http://link.aps.org/doi/10.1103/PhysRev.175.537},
  publisher = {American Physical Society}
}



@article{Rowell1968,
  title = {Excess Currents in Superconducting Tunnel Junctions},
  author = {Rowell, J. M. and Feldmann, W. L.},
  journal = {Phys. Rev.},
  volume = {172},
  issue = {2},
  pages = {393--401},
  year = {1968},
  month = {Aug},
  doi = {10.1103/PhysRev.172.393},
  url = {http://link.aps.org/doi/10.1103/PhysRev.172.393},
  publisher = {American Physical Society}
}



@article{Seidel1980,
  title = {{Theoretical Investigation of the Critical Josephson Current of Niobium-Lead Tunnel Junctions}},
  author = {Seidel, P. and Richter, J.},
  journal = {Phys. Stat. Sol.},
  volume = {99},
  pages = {607--613},
  year = {1980},
}


@article{Monaco1992,
  title = {{Investigation of Low-Temperature I-V Curves of High-Quality Nb/Al-AlOx/Nb Josephson Junctions}},
  author = {Monaco, R. and Cristiano, R. and Frunzio, L. and Nappi, C.},
  journal = {J. Appl. Phys},
  volume = {71},
  issue = {4},
  pages = {1888--1892},
  year = {1992},
}


@article{Drung2011,
  title = {{Investigation of Low-Frequency Excess Flux Noise in DC SQUIDs at mK Temperatures}},
  author = {Drung, D. and Beyer, J. and Storm, J.-H. and Peters, M. and Schurig, T.},
  journal = {IEEE T. Appl. Supercon.},
  volume = {21},
  issue = {3},
  pages = {340--344},
  year = {2011},
}



@article{Kempf2013,
  title = {{Characterization of the reliability and uniformity of an anodization-free fabrication process for high-quality Nb/Al–AlO$_{\mathrm{x}}$/Nb Josephson junctions}},
  author = {Kempf, S. and Ferring, A. and Fleischmann, A. and Gastaldo, L. and Enss, C.},
  journal = {Supercond. Sci. Tech.},
  volume = {26},
  issue = {6}, 
  pages = {065012},
  year = {2013},
}


@article{Kempf2015,
  author = {Kempf, S. and Ferring, A. and Fleischmann, A. and Enss, C.},
  title={{Direct-current superconducting quantum interference devices for the readout of metallic magnetic calorimeters}},
  journal={Supercond. Sci. Tech.},
  volume={28},
  number={4},
  pages={045008},
  url={http://stacks.iop.org/0953-2048/28/i=4/a=045008},
  year={2015},
}



@article{Tesche1977,
  title = {{dc SQUID: Noise and Optimization}},
  author = {Tesche, C. and Clarke, J.},
  journal = {J. Low Temp. Phys.},
  volume = {29},
  issue = {3--4},
  pages = {301--331},
  year = {1977},
}


@article{Bruines1982,
  title = {{Comment on: “DC SQUID: Noise and optimization” by Tesche and Clarke}},
  author = {Bruines, J. J. P. and de Waal, V. J. and Mooij, J. E.},
  journal = {J. Low Temp. Phys.},
  volume = {46},
  issue = {3--4},
  pages = {383--386},
  year = {1982},
}


@article{Jaklevic1964,
  title = {{Quantum Interference Effects in Josephson Tunneling}},
  author = {Jaklevic, R. C. and Lambe, J. and Silver, A. H. and Mercereau, J. E.},
  journal = {Phys. Rev. Lett.},
  volume = {12},
  issue = {7},
  pages = {159--160},
  year = {1964},
}

@article{Doll1961,
  title = {{Experimental Proof of Magnetic Flux Quantization in a Superconducting Ring}},
  author = {Doll, R. and N\"abauer, M.},
  journal = {Phys. Rev. Lett.},
  volume = {7},
  issue = {2},
  pages = {51--52},
  numpages = {0},
  year = {1961},
  month = {Jul},
  publisher = {American Physical Society},
  doi = {10.1103/PhysRevLett.7.51},
  url = {http://link.aps.org/doi/10.1103/PhysRevLett.7.51}
}

@article{Deaver1961,
  title = {{Experimental Evidence for Quantized Flux in Superconducting Cylinders}},
  author = {Deaver, B. S. and Fairbank, W. M.},
  journal = {Phys. Rev. Lett.},
  volume = {7},
  issue = {2},
  pages = {43--46},
  numpages = {0},
  year = {1961},
  month = {Jul},
  publisher = {American Physical Society},
  doi = {10.1103/PhysRevLett.7.43},
  url = {http://link.aps.org/doi/10.1103/PhysRevLett.7.43}
}

@article{Bardeen1957m,
  title = {{Microscopic Theory of Superconductivity}},
  author = {Bardeen, J. and Cooper, L. N. and Schrieffer, J. R.},
  journal = {Phys. Rev.},
  volume = {106},
  issue = {1},
  pages = {162--164},
  numpages = {0},
  year = {1957},
  month = {Apr},
  publisher = {American Physical Society},
  doi = {10.1103/PhysRev.106.162},
  url = {http://link.aps.org/doi/10.1103/PhysRev.106.162}
}


@article{Froehlich1950,
  title = {{Theory of the Superconducting State. I. The Ground State at the Absolute Zero of Temperature}},
  author = {Fr\"ohlich, H.},
  journal = {Phys. Rev.},
  volume = {79},
  issue = {5},
  pages = {845--856},
  numpages = {0},
  year = {1950},
  month = {Sep},
  publisher = {American Physical Society},
  doi = {10.1103/PhysRev.79.845},
  url = {http://link.aps.org/doi/10.1103/PhysRev.79.845}
}


@article{Drung1996,
  title = {{Integrated $\mathrm{YBa}_{2}\mathrm{Cu}_{3}\mathrm{O}_{7-{\mathrm{x}}}$ magnetometer for biomagnetic measurements}},
  author = {Drung, D. and Ludwig, F. and M\"uller, W. and Steinhoff, U. and Trahms, L. and Koch, H. and Shen, Y. Q. and Jensen, M. B. and Vase, P. and Holst, T. and Freltoft, T. and Curio, G.},
  journal = {Appl. Phys. Lett.},
  volume = {68},
  issue = {10},
  pages = {1421-1423},
  numpages = {3},
  year = {1996},
  month = {March},
}

@article{Voss1981,
year={1981},
issn={0022-2291},
journal={J. Low Temp. Phys.},
volume={42},
number={1-2},
doi={10.1007/BF00116701},
title={{Noise characteristics of an ideal shunted Josephson junction}},
url={http://dx.doi.org/10.1007/BF00116701},
publisher={Kluwer Academic Publishers},
author={Voss, R. F.},
pages={151-163},
language={English}
}

@article{Ferrel1963,
  title = {{Self-Field Limiting of Josephson Tunneling of Superconducting Electron Pairs}},
  author = {Ferrell, R. and Prange, R.},
  journal = {Phys. Rev. Lett.},
  volume = {10},
  issue = {11},
  pages = {479--481},
  numpages = {3},
  year = {1963},
  month = {Jun},
  publisher = {American Physical Society},
  doi = {10.1103/PhysRevLett.10.479},
  url = {http://link.aps.org/doi/10.1103/PhysRevLett.10.479}
}

@book{Feynman1964,
	Author = {R. P. Feynman and R. B. Leighton and M. Sands},
	Publisher = {Addison–Wesley},
	Title = {{The Feynman Lectures on Physics}},
	Year = {1964}}


@book{Burstein1969,
	Editor = {E. Burstein and S. Lundqvist},
	Publisher = {Plenum Press New York},
	Title = {{Tunneling Phenomena in Solids}},
	Year = {1969}}



@article{Ketchen1991,
  title = {{Design considerations for DC SQUIDs fabricated in deep sub-micron technology}},
  author = {Ketchen, M.B.},
  journal = {IEEE T. Magn.},
  volume = {27},
  issue = {2},
  pages = {2916--2919},
  year = {1991},
  }

@article{deWaal1984,
year={1984},
issn={0022-2291},
journal={J. Low Temp. Phys.},
volume={54},
number={3-4},
doi={10.1007/BF00683275},
title={{Simulation and optimization of a dc SQUID with finite capacitance}},
url={http://dx.doi.org/10.1007/BF00683275},
publisher={Kluwer Academic Publishers-Plenum Publishers},
author={Waal, V. J. de and Schrijner, P. and Llurba, R.},
pages={215-232},
language={English}
}

@article{Clarke1988,
year={1988},
journal={Science},
volume={242},
title={{The Impact of High Temperature Superconductivity on SQUIDs}},
author={Clarke, J. and Koch, R.},
pages={217-223},
language={English}
}

@article{Ivanchenko1968,
year={1968},
journal={ZhETF},
volume={8},
title={{Destruction of Josephson Current by Fluctuations}},
author={Ivanchenko, Yu. M. and Zil'berman, L. A.},
pages={113-115},
language={English}
}

@article{Ambegaokar1969,
year={1969},
journal={Phys. Rev. Lett.},
volume={22},
number={25},
title={{Voltage due to Thermal Noise in the dc Josephson Effect}},
author={Ambegaokar, V. and Halperin, B. I.},
pages={1364--1366},
language={English}
}

@article{Dettmann1979,
year={1979},
journal={Phys. Stat. Sol. (a)},
volume={51},
number={K185},
title={{A Monolithic Thin Film DC-SQUID}},
author={Dettmann, F. and Richter, W. and Albrecht, G. and Zahn, W.},
pages={K185--K188},
language={English}
}

@article{Jaycox1981,
year={1981},
journal={IEEE T. Magn.},
volume={17},
issue={1},
title={{Planar coupling scheme for ultra low noise DC SQUIDs}},
author={Jaycox, J. M. and Ketchen, M. B.},
pages={400--403},
language={English}
}

@article{Zimmerman1971,
year={1971},
journal={Appl. Phys. Lett.},
volume={19},
title={{Miniature Ultrasensitive Superconducting Magnetic Gradiometer and Its Use in Cardiography and Other Applications}},
author={Zimmerman, J. E. and Frederick, N. V.},
pages={16--19},
language={English}
}

@article{Ketchen1978,
year={1978},
journal={J. Appl. Phys.},
volume={49},
title={{Superconducting thinfilm gradiometer}},
author={Ketchen, M. B. and  Goubau, W. M. and Clarke, J. and Donaldson, G. B.},
pages={4111--4116},
language={English}
}


@article{Knuutila1987,
year={1987},
issn={0022-2291},
journal={J. Low Temp. Phys.},
volume={68},
number={3-4},
doi={10.1007/BF00683902},
title={{Effects on DC SQUID characteristics of damping of input coil resonances}},
url={http://dx.doi.org/10.1007/BF00683902},
publisher={Kluwer Academic Publishers-Plenum Publishers},
author={Knuutila, J. and Ahonen, A. and Tesche, C.},
pages={269-284},
language={English}
}

@article{Foglietti1989,
year={1989},
journal={Appl. Phys. Lett.},
volume={55},
title={{Performance of dc SQUIDs with resistively shunted inductance}},
author={Foglietti, V. and Gallagher, W. J. and Ketchen, M. B. and Kleinsasser, A. W. and Koch, R. H. and Sandstrom, R. L.},
pages={1451--1453},
language={English}
}

@article{Fulton1972,
  title = {{Quantum Interference Properties of Double Josephson Junctions}},
  author = {Fulton, T. A. and Dunkleberger, L. N. and Dynes, R. C.},
  journal = {Phys. Rev. B},
  volume = {6},
  issue = {3},
  pages = {855--875},
  numpages = {0},
  year = {1972},
  month = {Aug},
  publisher = {American Physical Society},
  doi = {10.1103/PhysRevB.6.855},
  url = {http://link.aps.org/doi/10.1103/PhysRevB.6.855}
}


@article{Welty1991,
year={1991},
journal={IEEE T. Magn.},
volume={27},
issue={2},
title={{A series array of DC SQUIDs}},
author={Welty, R. P. and Martinis, J. M.},
pages={2924--2926},
language={English}
}


@article{Stawiasz1993,
year={1993},
journal={IEEE T. Appl. Supercon.},
volume={3},
issue={1},
title={{Noise Measurements of Series SQUID Arrays}},
author={Stawiasz, K. G. and Ketchen, M. B.},
pages={1808--1811},
language={English}
}


@article{Beyer2004,
   author = "Beyer, J. and Drung, D. and Irwin, K. D.",
   title = "{{Bias conditions of dc-SQUID for a time-domain SQUID multiplexer}}",
   journal = "Rev. Sci. Instrum.",
   year = "2004",
   volume = "75",
   number = "2", 
   pages = "502-506",
   url = "http://scitation.aip.org/content/aip/journal/rsi/75/2/10.1063/1.1638877",
   doi = "http://dx.doi.org/10.1063/1.1638877" 
}


@incollection{Drung1996a,
	Author = {Drung, D.},
	Publisher = {NATO ASI Series E329. Dordrecht: Kluwer},
	Title = {{Advanced SQUID read-out electronics}},
	Editor={Weinstock, H.},
	Booktitle={{SQUID sensors: Fundamentals, Fabrication and Application}},
	Year = {1996}}

 	
@article{Uehara1993,
  author={Uehara, G. and Matsuda, N. and Kazami, K. and Takada, Y. and Kado, H.},
  title={{Asymmetric Bias Injection Technique for Drung-Type Superconducting Quantum Interference Devices}},
  journal={Jpn. J. Appl. Phys.},
  volume={32},
  number={12A},
  pages={L1735},
  url={http://stacks.iop.org/1347-4065/32/i=12A/a=L1735},
  year={1993},
 }

@article{Wellstood1994,
  title = {{Hot-electron effects in metals}},
  author = {Wellstood, F. C. and Urbina, C. and Clarke, John},
  journal = {Phys. Rev. B},
  volume = {49},
  issue = {9},
  pages = {5942--5955},
  numpages = {0},
  year = {1994},
  month = {Mar},
  publisher = {American Physical Society},
  doi = {10.1103/PhysRevB.49.5942},
  url = {http://link.aps.org/doi/10.1103/PhysRevB.49.5942}
}

	
@article{Drung2006,
  author={D. Drung and C. Hinnrichs and H.-J. Barthelmess},
  title={{Low-noise ultra-high-speed dc SQUID readout electronics}},
  journal={Supercond. Sci. Tech.},
  volume={19},
  number={5},
  pages={S235},
  url={http://stacks.iop.org/0953-2048/19/i=5/a=S15},
  year={2006},
}
	
@phdthesis{Ruede2008,
  author={Rüde, F.},
  title={{Hochempfindliche Stromsensoren auf DC-SQUID-Basis für den Betrieb in elektromagnetisch gestörter Umgebung}},
  school={Technische Universität Berlin},
  year={2008},
}

@ARTICLE{Fourie2005,
author={Fourie, C.J. and Perold, W.J.},
journal={IEEE T. Appl. Supercon.},
title={{Simulated inductance variations in RSFQ circuit structures}},
year={2005},
month={June},
volume={15},
number={2},
pages={300-303},
doi={10.1109/TASC.2005.849806},
ISSN={1051-8223},}

@article{EnpukuI1991,
   author = "Enpuku, K. and Yoshida, K.",
   title = "{{Modeling the dc superconducting quantum interference device coupled to the multiturn input coil}}",
   journal = "J. Appl. Phys.",
   year = "1991",
   volume = "69",
   number = "10", 
   pages = "7295-7300",
}


@article{EnpukuII1992,
   author = "Enpuku, K. and Cantor, R. and Koch, H.",
   title = "{{Modeling the direct current superconducting quantum interference device coupled to the multiturn input coil. II}}",
   journal = "J. Appl. Phys.",
   year = "1992",
   volume = "71",
   number = "5", 
   pages = "2338-2346",
}

@article{EnpukuIII1992,
   author = "Enpuku, K. and Cantor, R. and Koch, H.",
   title = "{{Modeling the dc superconducting quantum interference device coupled to the multiturn input coil. III}}",
   journal = "J. Appl. Phys.",
   year = "1992",
   volume = "72",
   number = "3", 
   pages = "1000-1006",
}


@article{Huber2001,
title = "{{Resonance damping in tightly coupled d.c. \{SQUIDs\} via intra-coil resistors}}",
journal = "Physica C: Superconductivity ",
volume = "351",
number = "2",
pages = "85 - 90",
year = "2001",
note = "",
issn = "0921-4534",
doi = "http://dx.doi.org/10.1016/S0921-4534(00)01627-0",
url = "http://www.sciencedirect.com/science/article/pii/S0921453400016270",
author = "M. E. Huber and A. H. Steinbach and R. H. Ono",
keywords = "\{SQUID\}",
keywords = "Resonance",
keywords = "Damping",
keywords = "Planar coil",
keywords = "Distortion",
keywords = "Noise ",
}

@article{Wellstood1987,
   author = "Wellstood, F. C. and Urbina, C. and Clarke, J.",
   title = "{{Lowfrequency noise in dc superconducting quantum interference devices below 1 K}}",
   journal = "Appl. Phys. Lett.",
   year = "1987",
   volume = "50",
   number = "12", 
   pages = "772-774",
   url = "http://scitation.aip.org/content/aip/journal/apl/50/12/10.1063/1.98041",
   doi = "http://dx.doi.org/10.1063/1.98041" 
}

@ARTICLE{Foglietti1993,
author={Foglietti, V. and Stawiasz, K.G. and Ketchen, M.B. and Koch, R.H.},
journal={IEEE T. Appl. Supercon.},
title={{Performance of a flux locked series SQUID array}},
year={1993},
month={Dec},
volume={3},
number={4},
pages={3061-3065},
doi={10.1109/77.251805},
ISSN={1051-8223},}

%copy pasta from Anna bib file _________________________________________________________
@article{Doriese2008,
	Author = {W.B. Doriese and others},
	Date-Added = {2009-11-30 05:37:11 +0100},
	Date-Modified = {2009-11-30 05:38:25 +0100},
	Journal = {Journal of Low Temperature Physics},
	Number = {3/4},
	Pages = {754--759},
	Title = {{Toward a 256-Pixel Array of Gamma-Ray Microcalorimeters of Nuclear-Materials Analysis}},
	Volume = {151},
	Year = {2008}}

@article{Monfardini2006,
	Author = {A. Monfardini and others},
	Date-Added = {2009-11-28 15:03:16 +0100},
	Date-Modified = {2009-11-28 15:04:50 +0100},
	Journal = {Nuclear Instruments and Methods in Physics Research A},
	Number = {2},
	Pages = {346--348},
	Title = {{The microcalorimeter arrays for a rhenium experiment (MARE): A next-generation calorimetric neutrino mass experiment}},
	Volume = {559},
	Year = {2006}}

@article{Tao1971,
	Author = {Tao, L. J. and Davidov, D. and Orbach, R. and Chock, E. P.},
	Date-Added = {2009-11-28 12:31:39 +0100},
	Date-Modified = {2009-11-28 12:33:02 +0100},
	Journal = {Physical Review B},
	Month = {Jul},
	Number = {1},
	Pages = {5--9},
	Title = {{Hyperfine Splitting of Er and Yb Resonances in Au: A Separation between the Atomic and Covalent Contributions to the Exchange Integral}},
	Volume = {4},
	Year = {1971}}

@article{Kraft2008,
	Author = {S. Kraft-Bermuth and others},
	Date-Added = {2009-11-24 17:33:22 +0100},
	Date-Modified = {2009-11-24 17:36:15 +0100},
	Journal = {Journal of Low Temperature Physics},
	Month = {May},
	Number = {3/4},
	Pages = {619--622},
	Title = {{Development and Characterization of Microcalorimeters for a Next Generation $^{187}$Re Beta-Decay Experiment}},
	Volume = {151},
	Year = {2008}}

@unpublished{Porst2009,
	Author = {Jan-Patrick Porst and Sebastian Kempf},
	Date-Added = {2009-11-19 16:05:26 +0100},
	Date-Modified = {2009-11-19 16:08:47 +0100},
	Month = {Nov},
	Note = {SQUID noise measurement of a C4X116W designed by Physikalisch-Technische Bundesanstalt (PTB), Berlin at the Kirchhoff Institute f�r Physik, Heidelberg},
	Year = {2009}}

@book{Enss2005b,
	Author = {C. Enss and S. Hunklinger},
	Date-Added = {2009-11-18 17:14:47 +0100},
	Date-Modified = {2009-11-18 17:16:55 +0100},
	Publisher = {Spring\-er-Ver\-lag Ber\-lin Hei\-del\-berg New York},
	Title = {{Low-temperature physics}},
	Year = {2005}}

@article{Swartz1989,
	Author = {E. T. Swartz and R. O. Pohl},
	Date-Added = {2009-11-16 16:18:02 +0100},
	Date-Modified = {2009-11-16 16:19:26 +0100},
	Journal = {Reviews of Modern Physics},
	Number = {3},
	Pages = {605--668},
	Title = {{Thermal boundary resistance}},
	Volume = {61},
	Year = {1989}}

@article{Shannon1949,
	Author = {Claude E. Shannon},
	Date-Added = {2009-11-16 15:45:34 +0100},
	Date-Modified = {2009-11-16 15:48:16 +0100},
	Journal = {Proceedings of the Institute of Radio Engineers},
	Month = {Jan},
	Number = {1},
	Pages = {10--21},
	Title = {{Communication in the Presence of Noise}},
	Volume = {37},
	Year = {1949}}

@unpublished{webelements,
	Author = {Mark Winter},
	Date-Added = {2009-10-23 18:56:09 +0200},
	Date-Modified = {2009-10-23 19:01:54 +0200},
	Lastchecked = {2009-10-23},
	Note = {http://www.webelements.com},
	Title = {{WebElements: the periodic table on the web}}}

@article{Desai1984,
	Author = {P. D. Desai and T. K. Chu and H. M. James and C. Y. Ho},
	Date-Added = {2009-10-23 18:31:33 +0200},
	Date-Modified = {2009-10-23 18:34:21 +0200},
	Journal = {Journal of Physical and Chemical Reference Data},
	Number = {4},
	Pages = {1069--1096},
	Title = {{Electrical Resistivity of Selected Elements}},
	Volume = {13},
	Year = {1984}}

@article{Boato1966,
	Author = {G. Boato and G. Gallinaro and C. Rizzuto},
	Date-Added = {2009-10-22 17:38:40 +0200},
	Date-Modified = {2009-10-22 17:40:37 +0200},
	Journal = {Physical Review},
	Number = {1},
	Pages = {353--361},
	Title = {{Effect of Transition Metal Impurities on the Critical Temperature of Superconducting Al, Zn, In and Sn}},
	Volume = {148},
	Year = {1966}}

@mastersthesis{Bleach2009,
	Author = {Nadine Bleach},
	Date-Added = {2009-10-19 19:20:58 +0200},
	Date-Modified = {2009-10-19 19:22:49 +0200},
	School = {Kirchhoff-Institut f�r Physik, University of Heidelberg and Imperial College London},
	Title = {{Characterisation of a Single Pixel Metallic Magnetic Calorimeter for High Energy X-ray Spectroscopy}},
	Year = {2009}}

@mastersthesis{Pies2008,
	Author = {Christian Pies},
	Date-Added = {2009-10-19 15:50:40 +0200},
	Date-Modified = {2009-10-19 15:52:50 +0200},
	School = {Kirchhoff-Institut f�r Physik, University of Heidelberg},
	Title = {{Entwicklung eines Detektor-Arrays basierend auf magnetischen Kalorimetern f{\"u}r die hochaufgel{\"o}ste R{\"o}ntgenspektroskopie an hochgeladenen Ionen}},
	Year = {2008}}

@article{Enss2000,
	Author = {C. Enss and A. Fleischmann and K. Horst and J. Sch{\"o}nefeld and J. Sollner and J. S. Adams and Y. H. Huang and Y. H. Kim and G. M. Seidel},
	Date-Added = {2009-10-17 23:09:41 +0200},
	Date-Modified = {2009-10-17 23:12:11 +0200},
	Journal = {Journal of Low Temperature Physics},
	Number = {3/4},
	Pages = {137--176},
	Title = {{Metallic Magnetic Calorimeters for Particle Detection}},
	Volume = {121},
	Year = {2000}}

@article{Boato1964,
	Author = {G. Boato and G. Gallinaro and C. Rizzuto},
	Date-Added = {2009-10-02 15:43:28 +0200},
	Date-Modified = {2009-10-02 15:46:47 +0200},
	Journal = {Reviews of Modern Physics},
	Month = {Jan},
	Number = {1},
	Pages = {162--164},
	Title = {{Effect of Transition Metal Impurities on the Critical Temperature of Nontransition Metals}},
	Volume = {36},
	Year = {1964}}

@article{Hoelzer1997,
	Author = {G. H{\"o}lzer and M. Fritsch and M. Deutsch and J. H{\"a}rtwig and E. F{\"o}rster},
	Date-Added = {2009-09-30 17:12:26 +0200},
	Date-Modified = {2009-09-30 17:15:58 +0200},
	Journal = {Physical Review A},
	Month = {Dec},
	Number = {6},
	Pages = {4554--4568},
	Title = {{K{$\alpha_{1,2}$} and K{$\beta_{1,3}$} x-ray emission lines of the {$3d$} transition metals}},
	Volume = {56},
	Year = {1997}}

@mastersthesis{Schaefer2007,
	Author = {S{\"o}nke Sch{\"a}fer},
	Date-Added = {2009-09-29 17:48:34 +0200},
	Date-Modified = {2009-09-29 17:49:53 +0200},
	School = {Kirchhoff-Institut f�r Physik, Universit�t Heidelberg},
	Title = {{Development of a Fully Microfabricated Two Pixel Magnetic Calorimeter}},
	Year = {2007}}

@mastersthesis{Heuser2011,
	Author = {Sebastian Heuser},
	Date-Added = {2012-09-29 17:48:34 +0200},
	Date-Modified = {2012-09-29 17:49:53 +0200},
	School = {Kirchhoff-Institut f�r Physik, Universit�t Heidelberg},
	Title = {{Entwicklung mikrostrukturierter magnetischer Kalorimeter mit verbesserter magnetischer Flusskopplung f�r die hochaufl�sende R�ntgenspektroskopie}},
	Year = {2011}}

@unpublished{Beyer2009,
	Author = {J{\"o}rn Beyer},
	Date-Added = {2009-09-29 11:42:48 +0200},
	Date-Modified = {2009-09-29 15:08:30 +0200},
	Month = {June},
	Note = {Talk at the Kirchhoff-Institut f�r Physik, Universit�t Heidelberg},
	Title = {{PTB SQUIDs for readout of magnetic microcalorimeters: single detectors and MMC arrays}},
	Year = {2009}}

@article{Josephson1962,
	Author = {B. D. Josephson},
	Date-Added = {2009-09-29 11:39:14 +0200},
	Date-Modified = {2009-09-29 11:41:20 +0200},
	Journal = {Phys. Lett.},
	Month = {July},
	Number = {7},
	Pages = {251--253},
	Title = {{Possible new effects in superconductive tunneling}},
	Volume = {1},
	Year = {1962}}

@mastersthesis{Burck2004,
	Author = {Andreas Burck},
	Date-Added = {2009-09-24 16:21:31 +0200},
	Date-Modified = {2009-09-24 16:23:42 +0200},
	School = {Kirchhoff-Institut f{\"u}r Physik, Universit{\"a}t Heidelberg},
	Title = {{Entwicklung gro{\ss}fl{\"a}chiger magnetischer Kalorimeter zur energieaufgel{\"o}sten Detektion von R{\"o}ntgenquanten und hochenergetischen Teilchen}},
	Year = {2004}}

@phdthesis{Linck2007,
	Author = {Markus Linck},
	Date-Added = {2009-09-23 14:10:27 +0200},
	Date-Modified = {2009-09-23 14:12:33 +0200},
	School = {Kirchhoff-Institut f�r Physik, Universit�t Heidelberg},
	Title = {{Entwicklung eines metallischen magnetischen Kalorimeters f{\"u}r hochaufl{\"o}sende R{\"o}ntgenspektroskopie}},
	Year = {2007}}

@inbook{Fleischmann2005,
	Author = {A. Fleischmann and C. Enss and G. M. Seidel},
	Chapter = {{Metallic Magnetic Calorimeters}},
	Date-Added = {2009-09-23 14:04:50 +0200},
	Date-Modified = {2009-09-23 17:04:18 +0200},
	Pages = {151--216},
	Publisher = {Springer-Verlag Berlin Heidelberg},
	Series = {Topics in applied physics},
	Title = {{Cryogenic Particle Detection}},
	Volume = {99},
	Year = {2005}}

@inbook{Irwin2005,
	Author = {K. D. Irwin and G. C. Hilton},
	Chapter = {{Transition Edge Sensors}},
	Date-Added = {2009-09-23 14:04:50 +0200},
	Date-Modified = {2009-09-23 17:04:18 +0200},
	Pages = {63--149},
	Publisher = {Springer-Verlag Berlin Heidelberg},
	Series = {Topics in applied physics},
	Title = {{Cryogenic Particle Detection}},
	Volume = {99},
	Year = {2005}}



@article{Kozorezov2000a,
	Author = {A. G. Kozorezov and A. F. Volkov and J. K. Wigmore and A. Peacock and A. Poelaert and R. den Hartog},
	Date-Added = {2009-09-19 18:48:00 +0200},
	Date-Modified = {2009-09-21 17:49:52 +0200},
	Journal = {Physical Review B},
	Month = {May},
	Number = {17},
	Pages = {11807--11819},
	Title = {{Quasiparticle-phonon downconversion in nonequilibrium superconductors}},
	Volume = {61},
	Year = {2000}}

@article{Kozorezov2000b,
	Author = {A. G. Kozorezov},
	Date-Added = {2009-09-20 20:47:53 +0200},
	Date-Modified = {2009-09-21 17:54:45 +0200},
	Journal = {Nuclear Instruments and Methods in Physics Research A},
	Month = {Apr},
	Number = {1--2},
	Pages = {3--7},
	Title = {{Kinetics of interacting quasiparticles and phonons in non-equilibrium superconductors}},
	Volume = {444},
	Year = {2000}}

@article{Kaplan1976,
	Author = {S. B. Kaplan and C. C. Chi and D. N. Langenberg},
	Date-Added = {2009-09-20 20:34:21 +0200},
	Date-Modified = {2009-09-20 20:35:40 +0200},
	Journal = {Physical Review B},
	Number = {11},
	Pages = {4854--4873},
	Title = {{Quasiparticle and phonon lifetimes in superconductors}},
	Volume = {14},
	Year = {1976}}

@article{Abrikosov1962,
	Author = {A. A. Abrikosov and L. P. Gor'kov},
	Date-Added = {2009-09-18 16:54:56 +0200},
	Date-Modified = {2009-09-18 17:06:29 +0200},
	Journal = {Sov. Phys. - JETP},
	Pages = {752},
	Volume = {15},
	Year = {1962}}

@article{Pergolesi2006,
	Author = {D. Pergolesi and L. Gastaldo and F. Gatti and M. Ribeiro Gomes and P. Repetto and S Dussoni and R. Valle},
	Date-Added = {2009-09-18 15:56:55 +0200},
	Date-Modified = {2009-09-18 16:45:01 +0200},
	Journal = {Nuclear Instruments and Methods in Physics Research A},
	Number = {1},
	Pages = {349--351},
	Title = {{MANU-2: A second generation experiment for calorimetric neutrino mass determination with superconducting Re}},
	Volume = {559},
	Year = {2006}}

@article{Nucciotti2008,
	Author = {A. Nucciotti},
	Date-Added = {2009-09-18 15:49:45 +0200},
	Date-Modified = {2009-09-18 15:51:04 +0200},
	Journal = {Journal of Low Temperature Physics},
	Number = {3/4},
	Pages = {597--602},
	Title = {{The MARE Project}},
	Volume = {151},
	Year = {2008}}

@article{Hoover2009,
	Author = {A. S. Hoover and others},
	Date-Added = {2009-09-18 15:39:18 +0200},
	Date-Modified = {2009-09-18 15:41:15 +0200},
	Journal = {Journal of Radioanalytical and Nuclear Chemistry},
	Month = {July},
	Title = {{Microcalorimeter arrays for ultra-high energy resolution X- and gamma-ray detection}},
	Year = {2009}}

@article{Hahn1992,
	Author = {W. Hahn and M. Loewenhaupt and B. Frick},
	Date-Added = {2009-09-15 15:25:55 +0200},
	Date-Modified = {2009-09-15 15:27:43 +0200},
	Journal = {Physica B},
	Number = {1},
	Pages = {176--178},
	Title = {{Crystal field excitations in dilute rare earth noble metal alloys}},
	Volume = {180--181},
	Year = {1992}}

@article{Yosida1957,
	Author = {Kei Yosida},
	Date-Added = {2009-09-10 18:38:28 +0200},
	Date-Modified = {2009-09-10 18:39:52 +0200},
	Journal = {Physical Review},
	Number = {5},
	Pages = {893--898},
	Title = {{Magnetic Properties of Cu-Mn Alloys}},
	Volume = {106},
	Year = {1957}}

@article{Ruderman1954,
	Author = {M. A. Ruderman and C. Kittel},
	Date-Added = {2009-09-10 18:36:16 +0200},
	Date-Modified = {2009-09-10 18:38:09 +0200},
	Journal = {Physical Review},
	Number = {1},
	Pages = {99--102},
	Title = {{Indirect Exchange Coupling of Nuclear Magnetic Moments by Conduction Electrons}},
	Volume = {96},
	Year = {1954}}

@article{Kasuya1956,
	Author = {Tadao Kasuya},
	Date-Added = {2009-09-10 18:34:53 +0200},
	Date-Modified = {2009-09-10 18:36:12 +0200},
	Journal = {Progress of Theoretical Physics},
	Pages = {45--57},
	Title = {{A Theory of Metallic Ferro- and Antiferromagnetism on Zener's Model}},
	Volume = {1},
	Year = {1956}}

@phdthesis{Schoenefeld2000,
	Author = {Jan Sch{\"o}nefeld},
	Date-Added = {2009-09-10 18:22:52 +0200},
	Date-Modified = {2009-11-17 18:08:00 +0100},
	School = {Kirchhoff-Institut f�r Physik, Universit�t Heidelberg},
	Title = {{Entwicklung eines mikrostrukturierten magnetischen Tieftemperatur-Kalorimeters zum hochaufl{\"o}senden Nachweis von einzelnen R{\"o}ntgenquanten}},
	Year = {2000}}

@mastersthesis{Horst1999,
	Author = {Karsten Horst},
	Date-Added = {2009-09-10 18:18:11 +0200},
	Date-Modified = {2009-09-10 18:20:19 +0200},
	School = {Kirchhoff-Institut f�r Physik, Universit�t Heidelberg},
	Title = {{Hochaufl{\"o}sende R{\"o}ntgenspektroskopie mit kalorimetrischen Tieftemperaturdetektoren basierend auf $^{166}$Erbuium-dotiertem Gold}},
	Year = {1999}}

@article{Buehler1988,
	Author = {M. B{\"u}hler and E. Umlauf},
	Date-Added = {2009-09-07 12:25:40 +0200},
	Date-Modified = {2009-09-07 12:28:23 +0200},
	Journal = {Europhysics Letters},
	Number = {4},
	Pages = {297--301},
	Title = {{A Magnetic Bolometer for Single-Particle Detection}},
	Volume = {5},
	Year = {1988}}

@article{Bandler1993,
	Author = {S. R. Bandler and C. Enss and R. E. Lanou and H. J. Maris and T. More and F. S. Porter and G. M. Seidel},
	Date-Added = {2009-09-04 17:36:52 +0200},
	Date-Modified = {2009-09-04 17:40:08 +0200},
	Journal = {Journal of Low Temperature Physics},
	Number = {3/4},
	Pages = {709--714},
	Title = {{Metallic Magnetic Bolometers for Particle Detection}},
	Volume = {93},
	Year = {1993}}

@book{Clarke2004,
	Date-Added = {2009-08-28 13:48:12 +0200},
	Date-Modified = {2009-08-28 13:51:22 +0200},
	Editor = {Clarke, J. and Braginski, A. I.},
	Publisher = {Wiley-VCH},
	Title = {{The SQUID Handbook: Vol. I Fundamentals and Technology of SQUIDs and SQUID Systems}},
	Year = {2004}}

@mastersthesis{Weldle2008,
	Author = {Richard Weldle},
	Date-Added = {2009-08-26 15:06:54 +0200},
	Date-Modified = {2009-08-26 15:07:59 +0200},
	School = {Kirchhoff-Institut f�r Physik, Universit�t Heidelberg},
	Title = {{Untersuchung des Effekts magnetischer Verunreinigungen auf das Thermalisierungsverhalten von supraleitenden Teilchenabsorbern}},
	Year = {2008}}

@mastersthesis{Kirsch2010,
	Author = {Andrea Kirsch},
	Date-Added = {2009-08-26 14:52:55 +0200},
	Date-Modified = {2009-08-26 14:54:49 +0200},
	School = {Kirchhoff-Institut f�r Physik, Universit�t Heidelberg},
	Title = {{title unknown (to be published 2010)}},
	Year = {2010}}

@article{Stahle1994,
	Author = {C. K. Stahle and others},
	Date-Added = {2009-08-26 13:58:11 +0200},
	Date-Modified = {2009-08-26 14:00:15 +0200},
	Journal = {Physica B},
	Pages = {127--128},
	Title = {{Delayed Thermalization of X-rays Absorbed in Tin Films Far Below the Superconducting Transition Temperature}},
	Volume = {194--196},
	Year = {1994}}

@mastersthesis{Hoehn2008,
	Author = {Christian H{\"o}hn},
	Date-Added = {2009-08-26 11:55:05 +0200},
	Date-Modified = {2009-10-19 15:51:14 +0200},
	School = {Kirchhoff-Institut f�r Physik, Universit�t Heidelberg},
	Title = {{Investigation of the Thermalisation in a Metallic Magnetic Calorimeter with a Superconducting Rhenium Absorber}},
	Year = {2008}}

@mastersthesis{Porst2007,
	Author = {Jan-Patrick Porst},
	Date-Added = {2009-08-26 11:54:00 +0200},
	Date-Modified = {2009-08-26 11:54:56 +0200},
	School = {Kirchhoff-Institut f�r Physik, Universit�t Heidelberg},
	Title = {{Towards MARE: Development of a Metallic Magnetic Calorimeter with Superconducting Rhenium Absorber}},
	Year = {2007}}

@mastersthesis{Haug2006,
	Author = {Daniel Haug},
	Date-Added = {2009-08-26 11:51:29 +0200},
	Date-Modified = {2009-08-26 11:53:41 +0200},
	School = {Kirchhoff-Institut f�r Physik, Universit�t Heidelberg},
	Title = {{Entwicklung eines magnetischen Kalorimeters zur Neutrinomassenbestimmung aus dem Endpunkt des Beta-Spektrums von $^{187}$Re}},
	Year = {2006}}

@article{Cosulich1993,
	Author = {E. Cosulich and F. Gatti and S. Vitale},
	Date-Added = {2009-08-26 11:04:51 +0200},
	Date-Modified = {2009-08-26 15:05:01 +0200},
	Journal = {Journal of Low Temperature Physics},
	Number = {3/4},
	Pages = {263--268},
	Title = {{Further Results on $\mu$-Calorimeters with Superconducting Absorber}},
	Volume = {93},
	Year = {1993}}

@unpublished{Hubbell1996,
	Author = {J. H. Hubbell and S. M. Seltzer},
	Date-Added = {2009-08-25 16:54:29 +0200},
	Date-Modified = {2009-08-26 15:03:44 +0200},
	Lastchecked = {2009-08-25},
	Note = {http://physics.nist.gov/PhysRefData/XrayMassCoef/},
	Title = {{Tables of X-Ray Mass Attenuation Coefficients and Mass Energy-Absorption Coefficients}},
	Year = {1996},
	Bdsk-Url-1 = {http://physics.nist.gov/PhysRefData/XrayMassCoef/}}

@unpublished{Gatti2006,
	Author = {F. Gatti and others},
	Date-Added = {2009-08-25 15:58:50 +0200},
	Date-Modified = {2009-08-25 16:11:31 +0200},
	Month = {May},
	Note = {Proposal, unpublished. Online version: http://crio.mib.infn.it/wig/silicini/proposal/proposal\_MARE\_v2.6.pdf},
	Title = {{MARE: Microcalorimeter Arrays for a Rhenium Experiment}},
	Year = {2006}}

@book{Enss2005a,
	Date-Added = {2009-08-12 11:33:59 +0200},
	Date-Modified = {2009-08-12 11:35:28 +0200},
	Editor = {C. Enss},
	Publisher = {Springer-Verlag Berlin Heidelberg},
	Title = {{Cryogenic Particle Detection}},
	Year = {2005}}


@book{Mandl1971,
	Author = {Franz Mandl},
	Date-Added = {2009-08-10 18:19:01 +0200},
	Date-Modified = {2009-08-10 18:20:14 +0200},
	Publisher = {Wiley-VCH, New York},
	Title = {{Statistical Physics}},
	Year = {1971}}

@phdthesis{Burck2008,
	Author = {Andreas Burck},
	Date-Added = {2009-08-07 14:00:36 +0200},
	Date-Modified = {2009-08-07 14:01:59 +0200},
	School = {Kirchhoff-Institut f�r Physik, Universit�t Heidelberg},
	Title = {{Entwicklung gro{\ss}fl\"achiger mikrostrukturierter magnetischer Kalorimeter mit Au:Er- und Ag:Er-Sensoren f{\"u}r den energieaufgel\"osten Nachweis von R\"ontgenquanten und hochenergetischen Teilchen}},
	Year = {2008}}

@mastersthesis{Pabinger2008,
	Author = {Andreas Pabinger},
	Date-Added = {2009-08-07 13:46:00 +0200},
	Date-Modified = {2009-08-07 13:47:28 +0200},
	School = {Kirchhoff-Institut f�r Physik, Universit�t Heidelberg},
	Title = {{Entwicklung eines vollst\"andig mikrostrukturierten magnetischen Kalorimeters f\"ur die hochaufl\"osende R\"ontgenspektroskopie}},
	Year = {2008}}

@mastersthesis{Jakob2021,
	Author = {Christopher Jakob},
	School = {Kirchhoff-Institut f\"ur Physik, Universit\"at Heidelberg},
	Title = {{Magnetfeldabh\"angige Messungen der charakteristischen Eigenschaften von Nb/Al-AlOx/Nb-Josephson-Kontakten}},
	Year = {2021}}

@phdthesis{Fleischmann2003,
	Author = {Andreas Fleischmann},
	Date-Added = {2009-08-07 13:44:46 +0200},
	Date-Modified = {2009-09-07 15:53:00 +0200},
	School = {Kirchhoff-Institut f\"ur Physik, Universit\"at Heidelberg},
	Title = {{Magnetische Mikrokalorimeter: Hochaufl{\"o}sende R{\"o}ntgenspektroskopie mit energiedispersiven Detektoren}},
	Year = {2003}}

@phdthesis{Hengstler2017,
	Author = {Daniel Hengstler},
	School = {Kirchhoff-Institut f\"ur Physik, Universit\"at Heidelberg},
	Title = {{Development and characterization of two-dimensional metallic magnetic calorimeter arrays for the high-resolution X-ray spectroscopy}},
	Year = {2017}}

@phdthesis{Bauer2022,
	Author = {Fabienne Bauer},
	School = {Kirchhoff-Institut f\"ur Physik, Universit\"at Heidelberg},
	Title = {{Rauscharme Stromsensor-dc-SQUIDs mit Impedanzanpassung für metallische magnetische Kalorimeter}},
	Year = {2022}}

@phdthesis{Daniyarov2005,
	Author = {Talgat Daniyarov},
	Date-Added = {2009-08-07 13:40:04 +0200},
	Date-Modified = {2009-08-07 13:42:20 +0200},
	School = {Kirchhoff-Institut f\"ur Physik, Universit\"at Heidelberg},
	Title = {{Metallische magnetische Kalorimeter zum hochaufl\"osenden Nachweis von R\"ontgenquanten und hochenergetischen Molek\"ulen}},
	Year = {2005}}

@article{Brown1828,
	Author = {Robert Brown},
	Date-Added = {2009-08-04 16:57:50 +0200},
	Date-Modified = {2009-08-04 17:02:09 +0200},
	Journal = {Phil. Mag.},
	Pages = {161--173},
	Title = {{A brief account of microscopical observations made in the months of June, July and August, 1827, on the particles contained in the pollen of plants; and on the general existence of active molecules in organic and inorganic bodies}},
	Volume = {4},
	Year = {1828}}

@article{Johnson1928,
	Author = {Johnson, J. B.},
	Doi = {10.1103/PhysRev.32.97},
	Journal = {Phys. Rev.},
	Month = {Jul},
	Number = {1},
	Numpages = {13},
	Pages = {97--109},
	Publisher = {American Physical Society},
	Title = {{Thermal Agitation of Electricity in Conductors}},
	Volume = {32},
	Year = {1928},
	Bdsk-Url-1 = {http://dx.doi.org/10.1103/PhysRev.32.97},
	Bdsk-Url-2 = {http://dx.doi.org/10.1103/PhysRev.32.97}}

@article{Nyquist1928,
	Author = {Nyquist, H.},
	Doi = {10.1103/PhysRev.32.110},
	Journal = {Phys. Rev.},
	Month = {Jul},
	Number = {1},
	Numpages = {4},
	Pages = {110--113},
	Publisher = {American Physical Society},
	Title = {{Thermal Agitation of Electric Charge in Conductors}},
	Volume = {32},
	Year = {1928},
	Bdsk-Url-1 = {http://dx.doi.org/10.1103/PhysRev.32.110},
	Bdsk-Url-2 = {http://dx.doi.org/10.1103/PhysRev.32.110}}

@article{Bardeen1957,
	Author = {Bardeen, J. and Cooper, L. N. and Schrieffer, J. R.},
	Date-Added = {2009-07-28 13:38:11 +0200},
	Date-Modified = {2009-07-28 13:38:56 +0200},
	Journal = {Phys. Rev.},
	Month = {Dec},
	Number = {5},
	Pages = {1175--1204},
	Title = {{Theory of Superconductivity}},
	publisher = {American Physical Society},
	Volume = {108},
	Year = {1957},
	doi = {10.1103/PhysRev.108.1175},
	url = {http://link.aps.org/doi/10.1103/PhysRev.108.1175}}

@article{Ginzburg1950,
	Author = {V. L. Ginzburg and L. Landau},
	Date-Added = {2009-07-28 13:32:36 +0200},
	Date-Modified = {2009-07-28 13:36:11 +0200},
	Journal = {Zh. {\`E}ksper. Teoret. Fiz.},
	Pages = {1064--1082},
	Title = {{On the theory of superconductivity}},
	Volume = {20},
	Year = {1950}}

@article{Froehlich1950,
	Author = {Fr{\"o}hlich, H.},
	Date-Added = {2009-07-28 13:26:58 +0200},
	Date-Modified = {2009-09-07 12:06:46 +0200},
	Journal = {Physical Review},
	Month = {Sep},
	Number = {5},
	Pages = {845--856},
	Title = {{Theory of the Superconducting State. I. The Ground State at the Absolute Zero of Temperature}},
	Volume = {79},
	Year = {1950}}

@article{Maxwell1950,
	Author = {Maxwell, Emanuel},
	Date-Added = {2009-07-28 13:24:01 +0200},
	Date-Modified = {2009-07-28 13:24:45 +0200},
	Journal = {Physical Review},
	Month = {May},
	Number = {4},
	Pages = {477},
	Title = {{Isotope Effect in the Superconductivity of Mercury}},
	Volume = {78},
	Year = {1950}}

@article{Reynolds1950,
	Author = {Reynolds, C. A. and Serin, B. and Wright, W. H. and Nesbitt, L. B.},
	Date-Added = {2009-07-28 13:22:12 +0200},
	Date-Modified = {2009-07-28 13:23:27 +0200},
	Journal = {Physical Review},
	Month = {May},
	Number = {4},
	Pages = {487},
	Title = {{Superconductivity of Isotopes of Mercury}},
	Volume = {78},
	Year = {1950}}


@book{Buckel2008,
	Author = {Werner Buckel and Reinhold Kleiner},
	Date-Added = {2009-07-28 11:32:47 +0200},
	Date-Modified = {2009-07-28 11:36:01 +0200},
	Edition = {6},
	Publisher = {Wiley-VCH},
	Title = {{Supraleitung: Grundlagen und Anwendungen}},
	Year = {2008}}

@book{Poole1995,
	Author = {Poole, Jr., Charles P. and Farach, Horacia A. and Creswick, Richard J.},
	Date-Added = {2009-07-28 11:27:56 +0200},
	Date-Modified = {2009-09-07 12:15:14 +0200},
	Publisher = {Academic Press San Diego New York},
	Title = {{Superconductivity}},
	Year = {1995}}

@book{Ashcroft1976,
 author={Ashcroft, Neil W. and Mermin, N. David},
 title={Solid state physics},
 edition={International ed.},
 address={Orlando, Fla. ; Fort Worth [u.a.]},
 publisher={Saunders College ; Harcourt Brace College Publ.},
 year={1976},
}

@article{Meissner1933,
	Author = {W. Meissner and R. Ochsenfeld},
	Date-Added = {2009-07-28 11:25:23 +0200},
	Date-Modified = {2009-07-28 13:36:01 +0200},
	Journal = {Naturwissenschaften},
	Month = {Nov},
	Number = {44},
	Pages = {787--788},
	Title = {{Ein neuer Effekt bei Eintritt der Supraleitf\"ahigkeit}},
	Volume = {21},
	Year = {1933}}


@article{Simon1935,
	Author = {Franz Simon},
	Date-Added = {2009-07-28 11:00:47 +0200},
	Date-Modified = {2009-07-28 11:02:21 +0200},
	Journal = {Nature},
	Month = {May},
	Pages = {763},
	Title = {{Application of Low Temperature Calorimetry to Radioactive Measurements}},
	Volume = {135},
	Year = {1935}}

@article{Curie1903,
	Author = {Pierre Curie and Albert Laborde},
	Date-Added = {2009-07-28 10:51:06 +0200},
	Date-Modified = {2009-07-28 13:36:24 +0200},
	Journal = {Comptes rendus de I'Academie des Sciences},
	Pages = {673--675},
	Title = {{Sur le chaleur d{\'e}gag{\'e}e spontan{\'e}ment par les sels de radium}},
	Volume = {136},
	Year = {1903}}

% new eigene Nadine-------------------------------------------------------------------------

@article{PhysRevLett.12.14,
  volume = {12},
  journal = {Phys. Rev. Lett.},
  month = {Jan},
  title = {Surface Barrier in Type-II Superconductors},
  author = {Bean, C. P. and Livingston, J. D.},
  year = {1964},
  url = {http://link.aps.org/doi/10.1103/PhysRevLett.12.14},
  doi = {10.1103/PhysRevLett.12.14},
  issue = {1},
  publisher = {American Physical Society},
  pages = {14--16}
}

@article{PhysRevB.75.214505,
  volume = {75},
  journal = {Phys. Rev. B},
  numpages = {5},
  month = {Jun},
  title = {Critical fields for vortex expulsion from narrow superconducting strips},
  author = {S\'anchez-Lotero, P. and Palacios, J. J.},
  year = {2007},
  url = {http://link.aps.org/doi/10.1103/PhysRevB.75.214505},
  doi = {10.1103/PhysRevB.75.214505},
  issue = {21},
  publisher = {American Physical Society},
  pages = {214505}
}

@article{Stan2004,
  volume = {92},
  journal = {Phys. Rev. Lett.},
  numpages = {4},
  month = {Mar},
  title = {Critical Field for Complete Vortex Expulsion from Narrow Superconducting Strips},
  author = {Stan, Gheorghe and Field, Stuart B. and Martinis, John M.},
  year = {2004},
  url = {http://link.aps.org/doi/10.1103/PhysRevLett.92.097003},
  doi = {10.1103/PhysRevLett.92.097003},
  issue = {9},
  publisher = {American Physical Society},
  pages = {097003}
}

@article{PhysRevB.50.9355,
  volume = {50},
  journal = {Phys. Rev. B},
  month = {Oct},
  title = {Hysteretic ac losses and susceptibility of thin superconducting disks},
  author = {Clem, John R. and Sanchez, Alvaro},
  year = {1994},
  url = {http://link.aps.org/doi/10.1103/PhysRevB.50.9355},
  doi = {10.1103/PhysRevB.50.9355},
  issue = {13},
  publisher = {American Physical Society},
  pages = {9355--9362}
}

@article{PhysRevB.53.5716,
  volume = {53},
  journal = {Phys. Rev. B},
  month = {Mar},
  title = {Magnetic hysteresis from the geometrical barrier in type-II superconducting strips},
  author = {Benkraouda, M. and Clem, John R.},
  year = {1996},
  url = {http://link.aps.org/doi/10.1103/PhysRevB.53.5716},
  doi = {10.1103/PhysRevB.53.5716},
  issue = {9},
  publisher = {American Physical Society},
  pages = {5716--5726}
}

@article {springerlink:10.1007/BF00628313,
   author = {Huebener, R. P. and Kampwirth, R. T. and Clem, John R.},
   title = {Meissner shielding currents and magnetic flux penetration in thin-film superconductors},
   journal = {Journal of Low Temperature Physics},
   publisher = {Springer Netherlands},
   issn = {0022-2291},
   keyword = {Physik und Astronomie},
   pages = {275-285},
   volume = {6},
   issue = {3},
   url = {http://dx.doi.org/10.1007/BF00628313},
   note = {10.1007/BF00628313},
   year = {1972}
}


@article {springerlink:10.1007/BF00655054,
   author = {Pavlicek, H. and Selig, K. P. and Huebener, R. P. and Clem, John R.},
   title = {Distribution of pinning forces on trapped flux in a type I superconductor},
   journal = {Journal of Low Temperature Physics},
   publisher = {Springer Netherlands},
   issn = {0022-2291},
   keyword = {Physik und Astronomie},
   pages = {245-277},
   volume = {46},
   issue = {3},
   url = {http://dx.doi.org/10.1007/BF00655054},
   note = {10.1007/BF00655054},
   year = {1982}
}


@article{Onnes1911,
	Author = {H. Kamerlingh Onnes},
	Date-Added = {2009-07-28 11:10:04 +0200},
	Date-Modified = {2009-07-28 11:15:48 +0200},
	Journal = {Comm. Phys. Lab. Univ. Leiden},
	Title = {{The Superconductivity of Mercury}},
	Volume = {122, 124},
	Year = {1911}}

@article{Meissner1933,
	Author = {W. Meissner and R. Ochsenfeld},
	Date-Added = {2009-07-28 11:25:23 +0200},
	Date-Modified = {2009-07-28 13:36:01 +0200},
	Journal = {Naturwissenschaften},
	Month = {Nov},
	Number = {44},
	Pages = {787--788},
	Title = {{Ein neuer Effekt bei Eintritt der Supraleitf\"ahigkeit}},
	Volume = {21},
	Year = {1933}}
	
@article{London1935b,
title = "Supraleitung und diamagnetismus",
journal = "Physica",
volume = "2",
number = "1-12",
pages = "341 - 354",
year = "1935",
note = "",
issn = "0031-8914",
doi = "10.1016/S0031-8914(35)90097-0",
url = "http://www.sciencedirect.com/science/article/pii/S0031891435900970",
author = "F. London and H. London"
}

@article{London1935,
	Author = {F. London and H. London},
	Date-Added = {2009-07-28 11:49:36 +0200},
	Date-Modified = {2009-07-28 13:36:29 +0200},
	Journal = {Proceedings of the Royal Society A},
	Month = {Mar},
	Pages = {71--88},
	Title = {{The Electromagnetic Equations of the Supraconductor}},
	Volume = {149},
	Year = {1935}}




@article{Gortner1934,
title = {{On supraconductivity I}},
journal = "Physica",
volume = "1",
number = "1-6",
pages = "306 - 320",
year = "1934",
note = "",
issn = "0031-8914",
doi = "10.1016/S0031-8914(34)90037-9",
url = "http://www.sciencedirect.com/science/article/pii/S0031891434900379",
author = "C.J Gorter and H Casimir"
}



@article{Prozorov2007,
  volume = {98},
  journal = {Phys. Rev. Lett.},
  month = {Jun},
  numpages = {4},
  author = {Prozorov, Ruslan},
  title = {{Equilibrium Topology of the Intermediate State in Type-I Superconductors of Different Shapes}},
  year = {2007},
  url = {http://link.aps.org/doi/10.1103/PhysRevLett.98.257001},
  doi = {10.1103/PhysRevLett.98.257001},
  issue = {25},
  publisher = {American Physical Society},
  pages = {257001}
}


@article{Prozorov2005, 
	title={{Topological Hysteresis in the Intermediate State of Type-I Superconductors}}, 
	volume={72}, 
	url={http://arxiv.org/abs/cond-mat/0409553}, 
	year = {2005},
	number={21}, 
	journal={Physical Review B}, 
	publisher={American Physical Society}, 
	author={Prozorov, Ruslan and Giannetta, Russell W and Polyanskii, Anatolii A and Perkins, Garry K}, year={2004}, 
	pages={4}
	}

@article{Fortini1976,
  volume = {14},
  journal = {Phys. Rev. B},
  month = {Jul},
  author = {Fortini, Andr\'e and Paumier, Eric},
  title = {{Thermodynamics of metastable processes in the magnetization of type-I superconductors}},
  year = {1976},
  url = {http://link.aps.org/doi/10.1103/PhysRevB.14.55},
  doi = {10.1103/PhysRevB.14.55},
  issue = {1},
  publisher = {American Physical Society},
  pages = {55--60}
}


@article{PhysRev.105.104,
  volume = {105},
  journal = {Phys. Rev.},
  month = {Jan},
  author = {Alers, P. B.},
  title = {{Structure of the Intermediate State in Superconducting Lead}},
  year = {1957},
  url = {http://link.aps.org/doi/10.1103/PhysRev.105.104},
  doi = {10.1103/PhysRev.105.104},
  issue = {1},
  publisher = {American Physical Society},
  pages = {104--108}
}

@book{Pobell1992,
 author={Pobell, Frank},
 title={Matter and methods at low temperatures},
 address={Berlin ; Heidelberg [u.a.]},
 publisher={Springer},
 year={1992},
 pages={XI, 319 S.},
 isbn={3-540-53751-1 ; 0-387-53751-1 ; 978-0-387-53751-1 ; 978-3-540-53751-9},
 language={eng},
 keywords={(s)Tieftemperaturphysik},
 library={UB [Signatur:92 H 448] ; EP [Signatur:<EP> PY-EP FK] ; HE [Signatur:<HE> FK Pobel]},
}

@ARTICLE{Kemp1955,
   author = {{Kemp}, W.~R.~G. and {Klemens}, P.~G. and {White}, G.~K.},
    title = {{Thermal and Electrical Conductivities of Iron, Nickel, Titanium and Zirconium at Low Temperatures}},
  journal = {Australian Journal of Physics},
     year = 1956,
    month = jun,
   volume = 9,
    pages = {180},
   adsurl = {http://adsabs.harvard.edu/abs/1956AuJPh...9..180K},
  adsnote = {Provided by the SAO/NASA Astrophysics Data System}
}


@book{London1950,
 author={London, F.},
 title={Superfluids},
 address={New York},
 publisher={Wiley},
 series={Structure of matter series},
 language={eng},
 keywords={(s)Suprafluidit{\"a}t ; (s)Supraleitung ; (s)Supraleitung / (s)Suprafluidit{\"a}t / (s)Helium},
 year={1950},
}


@article{Berlincourt1959,
  volume = {114},
  journal = {Phys. Rev.},
  author = {Berlincourt, Ted G.},
  month = {May},
  year = {1959},
  title = {{Hall Effect, Resistivity, and Magnetoresistivity of Th, U, Zr, Ti, and Nb}},
  issue = {4},
  publisher = {American Physical Society},
  pages = {969--977}
}

@article{Harding1968,
title = "Quantum interference magnetometry and thermal noise from a conducting environment",
journal = "Physics Letters A",
volume = "27",
number = "10",
pages = "670 - 671",
year = "1968",
note = "",
issn = "0375-9601",
author = "J.T. Harding and J.E. Zimmerman"
}

@inbook {Drung2004,
title = {{SQUID Electronics}},
author = {Drung, D. and M\"uck, M.},
publisher = {Wiley-VCH Verlag GmbH \& Co. KGaA},
isbn = {9783527603640},
pages = {127--170},
keywords = {SQUID electronics, flux-locked loop, dc SQUID readout, rf SQUID readout, rf SQUID readout electronics, tank circuit, trends in SQUID electronics},
booktitle = {The SQUID Handbook},
year = {2004},
}

@phdthesis{Schaefer2012,
	Author = {S�nke Sch�fer},
	Date-Added = {2012-02-03 13:40:04 +0200},
	Date-Modified = {2009-08-07 13:42:20 +0200},
	School = {Kirchhoff-Institut f�r Physik, Universit�t Heidelberg},
	Title = {{Entwicklung einer Detektorzeile aus metallischen magnetischen Kalorimetern zur hochaufl�senden R�ntgenspekroskopie an hochgeladenen Ionen}},
	Year = {2012}}

@article{Caballero1984,
title = "Electrical resistivity of very thin single-crystal titanium films as a function of temperature",
journal = "Thin Solid Films",
volume = "117",
number = "1",
pages = "1 - 8",
year = "1984",
note = "",
issn = "0040-6090",
author = "Jaime Caballero and G. Kremer and L.A. Moraga"
}

@article{Holz1972,
title = "Dislocation enhanced electrical resistivity in thin films of titanium",
journal = "Thin Solid Films",
volume = "14",
number = "1",
pages = "35 - 41",
year = "1972",
note = "",
issn = "0040-6090",
author = "Arno Holz and Geoffrey Gould"
}

@ARTICLE{Smith1970,
author={Smith, F. T. J.},
journal={Journal of Applied Physics}, 
title={{Structure and Electrical Properties of Sputtered Films of Hafnium and Hafnium Compounds}},
year={1970},
month={sep },
volume={41},
number={10},
pages={4227 -4231},
keywords={},
ISSN={0021-8979},}

@article{Bandler2012,
year={2012},
issn={0022-2291},
journal={J. Low Temp. Phys.},
volume={167},
number={3-4},
doi={10.1007/s10909-012-0544-4},
title={{Magnetically Coupled Microcalorimeters}},
url={http://dx.doi.org/10.1007/s10909-012-0544-4},
publisher={Springer US},
keywords={Microcalorimeters; Cryogenic; Detectors},
author={Bandler, S.R. and Irwin, K.D. and Kelly, D. and Nagler, P.N. and Porst, J.-P. and Rotzinger, H. and Sadleir, J.E. and Seidel, G.M. and Smith, S.J. and Stevenson, T.R.},
pages={254-268},
language={English}
}

@article{Giacconi1962,
  publisher = {American Physical Society},
  author = {Giacconi, Riccardo and Gursky, Herbert and Paolini, Frank R. and Rossi, Bruno B.},
  month = {Dec},
  year = {1962},
  pages = {439--443},
  title = {{Evidence for x Rays From Sources Outside the Solar System}},
  volume = {9},
  journal = {Phys. Rev. Lett.},
  issue = {11}
}


@ARTICLE{Andrews1942,
author={Andrews, D. H. and Brucksch, W. F. and Ziegler, W. T. and Blanchard, E. R.},
journal={Review of Scientific Instruments}, 
title={{Attenuated Superconductors I. For Measuring Infra Red Radiation}},
year={1942},
month={jul },
volume={13},
number={7},
pages={281 -292},
keywords={},
}


@article{Weber1991,
  publisher = {American Physical Society},
  author = {Weber, H. W. and Seidl, E. and Laa, C. and Schachinger, E. and Prohammer, M. and Junod, A. and Eckert, D.},
  month = {Oct},
  url = {http://link.aps.org/doi/10.1103/PhysRevB.44.7585},
  year = {1991},
  pages = {7585--7600},
  title = {Anisotropy effects in superconducting niobium},
  volume = {44},
  journal = {Phys. Rev. B},
  issue = {14}
}

@book{Hunklinger2009,
 author={Hunklinger, Siegfried},
 title={{Festk{\"o}rperphysik}},
 edition={2., verb. Aufl.},
 address={M{\"u}nchen},
 publisher={{Oldenbourg-Verl.}},
 year={2009},
}

@article{Shumei2000,
  publisher = {American Physical Society},
  author = {Shumei, Liu and Dianlin, Zhang and Xiunian, Jing and Li, Lu and Shanlin, Li and Ning, Kang and Xiaosong, Wu and Lin, J. J.},
  year = {2000},
  pages = {8695--8698},
  title = {{Upper critical field of Ti and $\alpha$-TiAl alloys: Evidence of an intrinsic type-II superconductivity in pure Ti}},
  volume = {62},
  journal = {Phys. Rev. B},
  issue = {13}
}

@article {Gubser1973,
   author = {Gubser, D. U. and Soulen, R. J.},
   title = {{Thermodynamic properties of superconducting iridium}},
   journal = {Journal of Low Temperature Physics},
   publisher = {Springer Netherlands},
   issn = {0022-2291},
   keyword = {Physics and Astronomy},
   pages = {211-226},
   volume = {13},
   issue = {3},
   year = {1973}
}

@article{Rutherford1908,
author = {Rutherford, E. and Geiger, Hans}, 
title = {{The Charge and Nature of the $ \alpha $-Particle}}, 
volume = {81}, 
number = {546}, 
pages = {162-173}, 
year = {1908}, 
journal = {Proceedings of the Royal Society of London. Series A} 
}

@article {Smith2012,
   author = {Smith, S. and Adams, J. and Bailey, C. and Bandler, S. and Chervenak, J. and Eckart, M. and Finkbeiner, F. and Kelley, R. and Kilbourne, C. and Porter, F. and Sadleir, J.},
   affiliation = {CRESST and University of Maryland, Baltimore County, MD 21250, USA},
   title = {{Small Pitch Transition-Edge Sensors with Broadband High Spectral Resolution for Solar Physics}},
   journal = {Journal of Low Temperature Physics},
   publisher = {Springer Netherlands},
   keyword = {Physics and Astronomy},
   pages = {168-175},
   volume = {167},
   issue = {3},
   year = {2012}
}

@book{Kittel2002,
 author={Kittel, Charles},
 title={{Einf{\"u}hrung in die Festk{\"o}rperphysik}},
 edition={13., korr. Aufl.},
 address={M{\"u}nchen; Wien},
 publisher={Oldenbourg},
 year={2002},
}

	
@article{Reale1973,
	Author = {Carlo Reale},
	Journal = {Revista Brasileira de F�sica},
	Number = {3},
	Pages = {431--439},
	Title = {{Determination of Charge-Transport Parameters for the Group IV Metals}},
	Volume = {3},
	Year = {1973}}
	
@article{Sanborn1989,
  pages = {6037--6044},
  author = {Sanborn, B. A. and Allen, P. B. and Papaconstantopoulos, D. A.},
  month = {Sep},
  volume = {40},
  year = {1989},
  journal = {Phys. Rev. B},
  title = {{Empirical electron-phonon coupling constants and anisotropic electrical resistivity in hcp metals}},
  doi = {10.1103/PhysRevB.40.6037},
  url = {http://link.aps.org/doi/10.1103/PhysRevB.40.6037},
  issue = {9},
  publisher = {American Physical Society}
}

@article {Nagler2012,
   author = {Nagler, P. and Adams, J. and Balvin, M. and Bandler, S. and Denis, K. and Hsieh, W.-T. and Kelly, D. and Porst, J.-P. and Sadleir, J. and Seidel, G. and Smith, S. and Stevenson, T.},
   affiliation = {NASA Goddard Space Flight Center, Greenbelt, MD, USA},
   title = {{Performance of Magnetic Penetration Thermometers for X-ray Astronomy}},
   journal = {Journal of Low Temperature Physics},
   publisher = {Springer Netherlands},
   issn = {0022-2291},
   keyword = {Physics and Astronomy},
   pages = {455-460},
   volume = {167},
   issue = {3},
   year = {2012}
}

@ARTICLE{Nagel1994,
author={Nagel, U. and Nowak, A. and Gebauer, H.- andJ. and Colling, P. and Cooper, S. and Dummer, D. and Ferger, P. and Frank, M. and Igalson, J. and Nucciotti, A. and Probst, F. and Seidel, W. and Kellner, E. and Feilitzsch, F.v. and Forster, G.},
journal={Journal of Applied Physics}, 
title={Proximity effect in iridium gold bilayers},
year={1994},
month={oct },
volume={76},
number={7},
pages={4262 -4266},
keywords={},
doi={10.1063/1.357310},
ISSN={0021-8979},}



@article{Pippard1953,
author = {Pippard, A. B.}, 
title = {{An Experimental and Theoretical Study of the Relation between Magnetic Field and Current in a Superconductor}}, 
volume = {216}, 
number = {1127}, 
pages = {547-568}, 
year = {1953}, 
abstract ={The penetration depth, $\lambda $, in superconducting tin at 0 degrees K has been found to be capable of variation by the addition of impurity, $3\%$ of indium causing it to be nearly doubled, although the thermodynamical properties such as T$_{c}$ are hardly affected. It is suggested that this result throws doubt on the phenomenological theory of F. and H. London, and a new equation for the supercurrent is proposed, in which the current is related to an average of the vector potential over a region around the point considered. The size of the region is governed by a parameter $\xi $, which is dependent, in a similar way to the mean free path in a normal metal, on the degree of purity. The new theory agrees in a satisfactory manner with the experimental results, and also provides an explanation of the magnitude of $\lambda $ in a pure metal. It has been found that the unusual anisotropy of $\lambda $ in pure tin is absent in tin $+ 3\%$ indium, and this too is in agreement with the prediction of the new theory. The fact that the temperature variation of $\lambda $ appears to have the same form independent of the degree of purity implies that $\xi $ depends on temperature in the same way as $\lambda $; this result agrees with the observed behaviour of the interphase surface energy, $\alpha _{ns}$, if $\xi $ is regarded as determining the width of the interface between superconducting and normal regions. The paper ends with a discussion of the relation of the new theory to microscopic theories of superconductivity.}, 
URL = {http://rspa.royalsocietypublishing.org/content/216/1127/547.abstract}, 
eprint = {http://rspa.royalsocietypublishing.org/content/216/1127/547.full.pdf+html}, 
journal = {Proceedings of the Royal Society of London. Series A. Mathematical and Physical Sciences} 
}


@article{Sipila1976,
title = "Energy resolution of the proportional counter",
journal = "Nuclear Instruments and Methods",
volume = "133",
number = "2",
pages = "251 - 252",
year = "1976",
note = "",
issn = "0029-554X",
url = "http://www.sciencedirect.com/science/article/pii/0029554X76906169",
author = "Heikki Sipila"
}

@article{Sepp1987,
author = {Heikki Sepp{\"{a}}, Tapani Ryh{\"{a}}nen},
doi = {10.1109/TMAG.1987.1065125},
journal = {IEEE Transactions on Magnetics},
number = {2},
pages = {1083-1086},
title = {{Influence of the signal coil on DC-squid dynamics}},
url = {https://cris.vtt.fi/en/publications/influence-of-the-signal-coil-on-dc-squid-dynamics},
volume = {23},
year = {1987}
}

@article{Can1991,
author = {Cantor, R. and Ryhänen, T. and Drung, D. and Koch, H. and Sepp\"{a}, H.},
doi = {10.1109/20.133822},
journal = {IEEE Transactions on Magnetics},
number = {2},
pages = {2927-2931},
title = {{Design and optimization of DC SQUIDs fabricated using a simplified four-level process}},
url = {https://ieeexplore.ieee.org/document/133822},
volume = {2},
year = {1991},
month = {mar}
}

@article{Shapiro1963,
  title = {Josephson Currents in Superconducting Tunneling: The Effect of Microwaves and Other Observations},
  author = {Shapiro, Sidney},
  journal = {Phys. Rev. Lett.},
  volume = {11},
  issue = {2},
  pages = {80--82},
  numpages = {0},
  year = {1963},
  month = {Jul},
  publisher = {American Physical Society},
  doi = {10.1103/PhysRevLett.11.80},
  url = {https://link.aps.org/doi/10.1103/PhysRevLett.11.80}
}

@article{Shapiro1964,
  title = {Effect of Microwaves on Josephson Currents in Superconducting Tunneling},
  author = {Shapiro, Sidney and Janus, Andre R. and Holly, Sandor},
  journal = {Rev. Mod. Phys.},
  volume = {36},
  issue = {1},
  pages = {223--225},
  numpages = {0},
  year = {1964},
  month = {Jan},
  publisher = {American Physical Society},
  doi = {10.1103/RevModPhys.36.223},
  url = {https://link.aps.org/doi/10.1103/RevModPhys.36.223}
}

@article{Alpert2015,
  doi = {10.1140/epjc/s10052-015-3329-5},
  url = {https://doi.org/10.1140/epjc/s10052-015-3329-5},
  year = {2015},
  month = mar,
  publisher = {Springer Science and Business Media {LLC}},
  volume = {75},
  number = {3},
  author = {B. Alpert and M. Balata and D. Bennett and M. Biasotti and C. Boragno and C. Brofferio and V. Ceriale and D. Corsini and P. K. Day and M. De Gerone and R. Dressler and M. Faverzani and E. Ferri and J. Fowler and F. Gatti and A. Giachero and J. Hays-Wehle and S. Heinitz and G. Hilton and U. K\"{o}ster and M. Lusignoli and M. Maino and J. Mates and S. Nisi and R. Nizzolo and A. Nucciotti and G. Pessina and G. Pizzigoni and A. Puiu and S. Ragazzi and C. Reintsema and M. Ribeiro Gomes and D. Schmidt and D. Schumann and M. Sisti and D. Swetz and F. Terranova and J. Ullom},
  title = {{HOLMES}},
  journal = {The European Physical Journal C}
}

@article{Gastaldo2017,
  doi = {10.1140/epjst/e2017-70071-y},
  url = {https://doi.org/10.1140/epjst/e2017-70071-y},
  year = {2017},
  month = jun,
  publisher = {Springer Science and Business Media {LLC}},
  volume = {226},
  number = {8},
  pages = {1623--1694},
  author = {L. Gastaldo and K. Blaum and K. Chrysalidis and T. Day Goodacre and A. Domula and M. Door and H. Dorrer and Ch. E. D\"{u}llmann and K. Eberhardt and S. Eliseev and C. Enss and A. Faessler and P. Filianin and A. Fleischmann and D. Fonnesu and L. Gamer and R. Haas and C. Hassel and D. Hengstler and J. Jochum and K. Johnston and U. Kebschull and S. Kempf and T. Kieck and U. K\"{o}ster and S. Lahiri and M. Maiti and F. Mantegazzini and B. Marsh and P. Neroutsos and Yu. N. Novikov and P. C. O. Ranitzsch and S. Rothe and A. Rischka and A. Saenz and O. Sander and F. Schneider and S. Scholl and R. X. Sch\"{u}ssler and Ch. Schweiger and F. Simkovic and T. Stora and Z. Sz\"{u}cs and A. T\"{u}rler and M. Veinhard and M. Weber and M. Wegner and K. Wendt and K. Zuber},
  title = {The electron capture in 163Ho experiment {\textendash} {ECHo}},
  journal = {The European Physical Journal Special Topics}
}
@misc{Weinstock1996,
  title={SQUID Sensors: Fundamentals, Fabrication and Applications},
  author={Weinstock (Ed.), H.},
  year={1996},
  publisher={Kluwer Academic, Dordrecht}
}

@article{Ryh1989,
author = {Ryhänen, Tapani and Seppä, Heikki and Ilmoniemi, Risto and Knuutila, Jukka},
year = {1989},
month = {09},
pages = {287-386},
title = {SQUID magnetometers for low-frequency applications},
volume = {76},
journal = {Journal of Low Temperature Physics},
doi = {10.1007/BF00681735}
}

@Inbook{Cantor1996,
author="Cantor, Robin",
title="Dc Squids: Design, Optimization and Practical Applications",
bookTitle="SQUID Sensors: Fundamentals, Fabrication and Applications",
year="1996",
publisher="Springer Netherlands",
address="Dordrecht",
pages="179--233",
abstract="The dc Supercoducting Quantum Interference Device (SQUID) is the most sensitive sensor of magnetic flux available, with an enormous frequency response extending from dc to a few GHz. It has been shown that the energy resolution of low-inductance SQUIDs operating at 4.2 K can approach the quantum limit. Unfortunately, the small inductance required makes it difficult to couple external signals to the SQUID. Excellent coupling can be achieved using thin-film and lithographic techniques to integrate an input coil on top of a washer-shaped SQUID inductance. This approach has significantly advanced SQUID technology for numerous applications. Unless the SQUID is heavily damped, however, the parasitic elements (capacitance and inductance) that are introduced can lead to resonances in the SQUID dynamics. These resonances manifest themselves as strong irregularities in the current-voltage (I-V) and voltage-flux (V-Ф) characteristics, leading to excess noise and making operation using conventional flux modulation techniques extremely difficult. Overly damping the SQUID may reduce the excess noise, but doing so also diminishes the amplitude of the SQUID output signal, placing more stringent demands on the readout electronics.",
isbn="978-94-011-5674-5",
doi="10.1007/978-94-011-5674-5_4",
url="https://doi.org/10.1007/978-94-011-5674-5_4"
}

@article{Likharev1979,
  title = {Superconducting weak links},
  author = {Likharev, K. K.},
  journal = {Rev. Mod. Phys.},
  volume = {51},
  issue = {1},
  pages = {101--159},
  numpages = {0},
  year = {1979},
  month = {Jan},
  publisher = {American Physical Society},
  doi = {10.1103/RevModPhys.51.101},
  url = {https://link.aps.org/doi/10.1103/RevModPhys.51.101}
}

@article{Gorter1934,
  title={The thermodynamics of the superconducting state},
  author={Gorter, C Jo and Casimir, H},
  journal={Z. tech. Phys},
  volume={15},
  pages={539--42},
  year={1934}
}

@article{Castellano1996,
author = {Castellano, Maria and Leoni, Roberto and Torrioli, Guido and Chiarello, Fabio and Cosmelli, C. and Costantini, A. and Diambrini Palazzi, G. and Carelli, Pasquale and Cristiano, Roberto and Frunzio, L.},
year = {1996},
month = {10},
pages = {2922 - 2928},
title = {Switching dynamics of Nb/AlOx/Nb Josephson junctions: Measurements for an experiment of macroscopic quantum coherence},
volume = {80},
journal = {Journal of Applied Physics},
doi = {10.1063/1.363147}
}

@article{Buettiker1983,
  title = {Thermal activation in extremely underdamped Josephson-junction circuits},
  author = {Buettiker, M. and Harris, E. P. and Landauer, R.},
  journal = {Phys. Rev. B},
  volume = {28},
  issue = {3},
  pages = {1268--1275},
  numpages = {0},
  year = {1983},
  month = {Aug},
  publisher = {American Physical Society},
  doi = {10.1103/PhysRevB.28.1268},
  url = {https://link.aps.org/doi/10.1103/PhysRevB.28.1268}
}

@article{Silvestrini1988,
  title = {Effect of dissipation on thermal activation in an underdamped Josephson junction: First evidence of a transition between different damping regimes},
  author = {Silvestrini, Paolo and Pagano, Sergio and Cristiano, Roberto and Liengme, O. and Gray, K. E.},
  journal = {Phys. Rev. Lett.},
  volume = {60},
  issue = {9},
  pages = {844--847},
  numpages = {0},
  year = {1988},
  month = {Feb},
  publisher = {American Physical Society},
  doi = {10.1103/PhysRevLett.60.844},
  url = {https://link.aps.org/doi/10.1103/PhysRevLett.60.844}
}

@article{Devoret1985,
  title = {Measurements of Macroscopic Quantum Tunneling out of the Zero-Voltage State of a Current-Biased Josephson Junction},
  author = {Devoret, Michel H. and Martinis, John M. and Clarke, John},
  journal = {Phys. Rev. Lett.},
  volume = {55},
  issue = {18},
  pages = {1908--1911},
  numpages = {0},
  year = {1985},
  month = {Oct},
  publisher = {American Physical Society},
  doi = {10.1103/PhysRevLett.55.1908},
  url = {https://link.aps.org/doi/10.1103/PhysRevLett.55.1908}
}

@article{Kramers1940,
title = {Brownian motion in a field of force and the diffusion model of chemical reactions},
journal = {Physica},
volume = {7},
number = {4},
pages = {284-304},
year = {1940},
issn = {0031-8914},
doi = {https://doi.org/10.1016/S0031-8914(40)90098-2},
url = {https://www.sciencedirect.com/science/article/pii/S0031891440900982},
author = {H.A. Kramers},
abstract = {A particle which is caught in a potential hole and which, through the shuttling action of Brownian motion, can escape over a potential barrier yields a suitable model for elucidating the applicability of the transition state method for calculating the rate of chemical reactions.}
}

@article{Stoney1909,
  title={The Tension of Metallic Films Deposited by Electrolysis},
  author={George Gerald Stoney},
  journal={Proceedings of The Royal Society A: Mathematical, Physical and Engineering Sciences},
  year={1909},
  volume={82},
  pages={172-175}
}

@article{Jaccodine1966,
  title={Measurement of strains at Si-SiO2 interface},
  author={Jaccodine, RJ and Schlegel, WA},
  journal={Journal of Applied Physics},
  volume={37},
  number={6},
  pages={2429--2434},
  year={1966},
  publisher={American Institute of Physics}
}

@mastersthesis{Devalapalli2007,
author = {Devalapalli, Aditya},
year = {2007},
month = {03},
type = {Bachelor thesis}
pages = {},
title = {Thermal activation of superconducting Josephson junctions}
}

@article{Castellano1996,
author = {Castellano, Maria and Leoni, Roberto and Torrioli, Guido and Chiarello, Fabio and Cosmelli, C. and Costantini, A. and Diambrini‐Palazzi, G. and Carelli, Pasquale and Cristiano, Roberto and Frunzio, L.},
year = {1996},
month = {10},
pages = {2922 - 2928},
title = {Switching dynamics of Nb/AlOx/Nb Josephson junctions: Measurements for an experiment of macroscopic quantum coherence},
volume = {80},
journal = {Journal of Applied Physics},
doi = {10.1063/1.363147}
}

@article{Wallraff2003,
author = {Wallraff, Andreas and Lukashenko, A. and Coqui, C. and Kemp, Alexander and Duty, Timothy and Ustinov, AV},
year = {2003},
month = {08},
pages = {},
title = {Switching current measurements of large area Josephson tunnel junctions},
volume = {74},
journal = {Review of Scientific Instruments},
doi = {10.1063/1.1588752}
}

@article{Meissner1933,
doi = {10.1007/bf01504252},
url = {https://doi.org/10.1007/bf01504252},
year = {1933},
month = {11},
publisher = {Springer Science and Business Media {LLC}},
volume = {21},
number = {44},
pages = {787--788},
author = {W. Meissner and R. Ochsenfeld},
title = {Ein neuer Effekt bei Eintritt der Supraleitf\"ahigkeit},
journal = {Die Naturwissenschaften}
}

@article{CODATA2018,
title = {CODATA recommended values of the fundamental physical constants: 2018},
author = {Tiesinga, Eite and Mohr, Peter J. and Newell, David B. and Taylor, Barry N.},
journal = {Rev. Mod. Phys.},
volume = {93},
issue = {2},
pages = {025010},
numpages = {63},
year = {2021},
month = {Jun},
publisher = {American Physical Society},
doi = {10.1103/RevModPhys.93.025010},
url = {https://link.aps.org/doi/10.1103/RevModPhys.93.025010}
}

@book{Edward2017,
  doi = {10.1201/9781315364520},
  url = {https://doi.org/10.1201/9781315364520},
  year = {2017},
  month = {9},
  publisher = {Jenny Stanford Publishing},
  editor = {Edward Wolf and Gerald Arnold and Michael Gurvitch and John Zasadzinski},
  title = {Josephson Junctions | History, Devices, and Applications}
}

@book{Landau1980,
  title={Course of Theoretical Physics: Statistical Physics, Part 2 : by E.M. Lifshitz and L.P. Pitaevskii},
  author={Landau, L.D. and Lifshitz, E.M. and Pitaevskii, L.P.},
  number={Bd. 9},
  url={https://books.google.de/books?id=QAcenQAACAAJ},
  year={1980}
}

@article{Tsukada1993,
  author={Tsukada, K. and Kawai, J. and Uehara, G. and Kado, H.},
  journal={IEEE Transactions on Applied Superconductivity}, 
  title={Relationship of Nb surface morphology and Al coverage to the intrinsic stress of magnetron-sputtered Nb films}, 
  year={1993},
  volume={3},
  number={1},
  pages={2944-2946},
  doi={10.1109/77.234018}
}

@article{Cumber1968,
       author = {{McCumber}, D.~E.},
        title = "{Effect of ac Impedance on dc Voltage-Current Characteristics of Superconductor Weak-Link Junctions}",
      journal = {Journal of Applied Physics},
         year = 1968,
        month = jun,
       volume = {39},
       number = {7},
        pages = {3113-3118},
          doi = {10.1063/1.1656743},
       adsurl = {https://ui.adsabs.harvard.edu/abs/1968JAP....39.3113M},
      adsnote = {Provided by the SAO/NASA Astrophysics Data System}
}

% Copy pasta Alex S.
______________________________

@book{Gross2016,
  title={Applied Superconductivity: Josephson Effect and Superconducting Electronics},
  author={Gross, R. and Marx, A. and Deppe, F.},
  isbn={9783110417067},
  series={De Gruyter Textbook Series},
  year={2016},
  publisher={Walter De Gruyter Incorporated}
}

@article{Inaba_1980,
doi = {10.1143/JJAP.19.1553},
url = {https://dx.doi.org/10.1143/JJAP.19.1553},
year = {1980},
month = {aug},
publisher = {},
volume = {19},
number = {8},
pages = {1553},
author = {Akira Inaba},
title = {Superconductive Transition Point of Tantalum and Niobium as a Reference Temperature},
journal = {Japanese Journal of Applied Physics},
abstract = {The applicability of the superconductive transition point of Ta and Nb for use as a temperature reference point was examined. An unusual impurity effect was found in both metals; In a plot of the transition temperature (Tc) vs. the inverse resistance ratio (1/Γ), a substitutional impurity had a larger reducing effect on Tc than an interstitial impurity. The purest specimens we obtained, with Γ=5000 for Ta and Γ=4500 for Nb, were prepared by zone-melting and subsequent annealing just below the melting points under ultra-high vacuum. From their Tc values and analyses of the impurity effect, the Tc values of impurity-free Ta and Nb were determined as 4.4924 K and 9.2877 K, respectively, based on the 1976 Provisional 0.5 K to 30 K Temperature Scale, the currently-accepted temperature standard.}
}

@article{Ryh1992,
    author = {Ryhänen, Tapani and Seppä, Heikki and Cantor, Robin},
    title = {Effect of parasitic capacitance and inductance on the dynamics and noise of dc superconducting quantum interference devices},
    journal = {Journal of Applied Physics},
    volume = {71},
    number = {12},
    pages = {6150-6166},
    year = {1992},
    month = {06},
    abstract = {Practical thin‐film dc superconducting quantum interference devices (SQUIDs) are often built with an integrated input coil which leads to the formation of various parasitic elements. We have designed and fabricated several square washer‐shaped dc SQUID test devices with various amounts of parasitic capacitance formed by covering the washer slits with superconducting coverplates of various widths. In the simplest approximation, the parasitic capacitance Cp appears entirely across the Josephson junctions; in a better approximation, Cp divides the total inductance into two parts, an effective SQUID loop inductance L and a small parasitic inductance Lp. For both models, noise‐free and noise‐rounded current‐voltage and voltage‐flux characteristics are calculated for various values of the ratios L/Lp and Cp/C, where C is the Josephson junction capacitance. The SQUID dynamics are significantly affected by Cp and Lp. The energy resolution ε at first deteriorates with increasing Cp for Cp/C ≲ 2, but as Cp/C becomes large, ε improves to less than twice the value for Cp/C ≊ 0. The optimal points of operation for large Cp, however, are found at voltages above the low‐frequency resonance determined by L and Cp where the flux‐to‐voltage transfer function is low. Furthermore, for devices with Cp/C ≫ 1 and Lp≠0, the double‐loop geometry leads to an additional resonance determined by Lp and C that appears at high frequencies. The energy resolution inside this high‐frequency resonance is nearly independent of Cp and comparable to the energy resolution of a device having the same total inductance but with Cp/C ≪ 1. Extensive noise mappings on several different test devices have been carried out using a computer‐controlled measurement system. The measured characteristics and noise performance are shown to be in good agreement with the simulations.},
    issn = {0021-8979},
    doi = {10.1063/1.350424},
    url = {https://doi.org/10.1063/1.350424},
    eprint = {https://pubs.aip.org/aip/jap/article-pdf/71/12/6150/8024414/6150\_1\_online.pdf},
}

@mastersthesis{Bauer2018,
author = {Bauer, F.},
file = {::},
school = {Kirchhoff-Institut f{\"{u}}r Physik, Universit{\"{a}}t Heidelberg},
title = {{Optimierung von gekoppelten dc-SQUIDs durch die
Unterdrückung parasitärer Resonanzen und die
Etablierung eines neuen Herstellungsprozesses für
Nb/Al-AlOx/Nb-Josephson-Kontakte}},
type = {Masterarbeit},
year = {2018}
}

@article{Ketchen1982,
    author = {Ketchen, M. B. and Jaycox, J. M.},
    title = "{Ultra‐low‐noise tunnel junction dc SQUID with a tightly coupled planar input coil}",
    journal = {Applied Physics Letters},
    volume = {40},
    number = {8},
    pages = {736-738},
    year = {1982},
    month = {04},
    abstract = "{We present a new superconducting quantum interference device (SQUID) that combines ultra‐low‐noise performance with tight coupling to a useable input coil. The inductive loop of the SQUID consists of a superconducting square washer that is slit in a low inductance fashion from its central hole to an outside edge where two Josephson tunnel junctions are incorporated. The inductance of the SQUID is about 90 pH, and each junction has a critical current of 15 μA and a resistive shunt of 4.5 Ω. The 190‐nH input coil is a planar spiral of 50 turns situated immediately above the washer and coupled to the SQUID with a coupling constant k2 of 0.86. The SQUID has a minimum coupled energy sensitivity of 19h at 4.2 K and 8h at 1.5 K, in good agreement with theory. The crossover between white and low frequency noise occurs at ∼250 Hz.}",
    issn = {0003-6951},
    doi = {10.1063/1.93210},
    url = {https://doi.org/10.1063/1.93210},
    eprint = {https://pubs.aip.org/aip/apl/article-pdf/40/8/736/10164473/736\_1\_online.pdf},
}

@incollection{Ketchen1985,
  title={Dc SQUID Flux
Focuser},
  booktitle="SQUID'85 Superconducting Quantum Interference Devices and their Applications: Proceedings of the Third International Conference on Superconducting Quantum Devices, Berlin (West), June 25-28, 1985",
	author={Ketchen, W. J. Gallagher, A. W. Kleinsasser, et al.},
	editor={H. D. Hahlbohm und H. Lübbig (Ed.)},
	pages={865--871},
  year={1985},
  publisher={Walter de Gruyter}
}

@article{Welty1993,
  author={Welty, R.P. and Martinis, J.M.},
  journal={IEEE Transactions on Applied Superconductivity}, 
  title={Two-stage integrated SQUID amplifier with series array output}, 
  year={1993},
  volume={3},
  number={1},
  pages={2605-2608},
  doi={10.1109/77.233523}}

@article{Stawiasz1993,
  author={Stawiasz, K.G. and Ketchen, M.B.},
  journal={IEEE Transactions on Applied Superconductivity}, 
  title={Noise measurements of series SQUID arrays}, 
  year={1993},
  volume={3},
  number={1},
  pages={1808-1811},
  doi={10.1109/77.233331}}

@article{Drung2007,
  author={Drung, D. and Abmann, C. and Beyer, J. and Kirste, A. and Peters, M. and Ruede, F. and Schurig, Th.},
  journal={IEEE Transactions on Applied Superconductivity}, 
  title={Highly Sensitive and Easy-to-Use SQUID Sensors}, 
  year={2007},
  volume={17},
  number={2},
  pages={699-704},
  doi={10.1109/TASC.2007.897403}}

@mastersthesis{Kraemer2023,
author = {Kraemer, F.},
file = {::},
school = {Kirchhoff-Institut f{\"{u}}r Physik, Universit{\"{a}}t Heidelberg},
title = {{Development and characterization of an integrated
two-stage dc-SQUID for the read-out of metallic
magnetic calorimeters}},
type = {Bachelor thesis},
year = {2023}
}

@article{Koch2007,
  title = {Model for $1/f$ Flux Noise in SQUIDs and Qubits},
  author = {Koch, Roger H. and DiVincenzo, David P. and Clarke, John},
  journal = {Phys. Rev. Lett.},
  volume = {98},
  issue = {26},
  pages = {267003},
  numpages = {4},
  year = {2007},
  month = {Jun},
  publisher = {American Physical Society},
  doi = {10.1103/PhysRevLett.98.267003},
  url = {https://link.aps.org/doi/10.1103/PhysRevLett.98.267003}
}

@book{Landau1960,
  title={Electrodynamics of Continuous Media},
  author={Landau, L.D. and Bell, L.P. and Lifshitz, E.M. and Sykes, J.B.},
  series={Course of Theoretical Physics},
  year={1960},
  publisher={Ney York: Pergamon Press},
	Pages={171},
	volume={8}
}

@phdthesis{Mantegazzini2021,
	Author = {Federica Mantegazzini},
	School = {Kirchhoff-Institut f\"ur Physik, Universit\"at Heidelberg},
	Title = {{Development and characterisation of
high-resolution metallic magnetic calorimeter
arrays for the ECHo neutrino mass experiment}},
	Year = {2021}}
% eigene
